3872 5012
443 289 446 296 ’
558 286 974 390 PRAEFATIO.

100 513 362 590 ventaerant.
422 493 547 607 Quae
562 515 701 582 autem
715 463 830 614 supra
845 498 922 586 vix
941 496 1084 612 attingi
1103 517 1310 617 poterant,
1338 497 1440 600 cnm

98 642 421 762 corpusinluper
437 673 461 728 a
475 645 966 759 viribus·qnibuscunque
987 641 1237 758 sollicitatur,
1265 651 1330 739 hic
1349 661 1438 773 pari
1507 633 1513 644 .
1563 739 1565 746 Α

96 793 289 884 facilitate
303 792 534 908 eodemque
547 787 688 879 labore
703 789 875 878 feliciter
886 787 1186 909 expediuntur,
1217 800 1274 884 ita
1294 821 1340 887 ut
1359 802 1437 892 hac

96 971 207 1043 nova
221 940 416 1030 methodo
432 970 456 1026 a
471 943 611 1056 primis
626 961 765 1027 motus
778 942 987 1056 principiis
1003 939 1187 1032 derivata
1207 945 1438 1039 universam

95 1089 295 1177 theoriam
308 1107 444 1176 motus
461 1115 683 1204 corporum
691 1087 916 1203 rigidorum
929 1063 1332 1206 perfeilecondidille
1342 1123 1438 1184 cen·

95 1235 650 1327 sendusfitcnnnocnon.
709 1235 898 1345 Accedit,
928 1236 1438 1358 quudiplahaecnovaet

93 1381 326 1504 universalis
342 1383 745 1510 hujus'problematis
766 1381 908 1470 solutio
928 1383 1220 1496 formularum,
1247 1415 1355 1504 quae
1377 1389 1399 1478 s
1418 1441 1437 1464 ·
1509 1415 1512 1424 ⁴

93 1533 241 1646 periori
253 1529 451 1618 methodo
464 1529 775 1646 quodammodo
788 1529 925 1640 dubia,
938 1525 1077 1620 saltem
1092 1563 1175 1621 non
1183 1535 1343 1652 prorsus
1350 1539 1437 1627 evi·

93 1677 223 1787 denti,
271 1681 526 1788 nitebantur,
574 1681 791 1768 veritatem
814 1677 1035 1795 pleniffime
1056 1681 1295 1795 confirmet,
1337 1711 1436 1778 cum
1537 1791 1540 1800 ι
1681 1659 1688 1680 ’

90 1853 238 1913 omnes
250 1826 348 1914 istae
362 1826 566 1914 formulae
582 1827 667 1939 jum
682 1825 964 1914 exuniverlali
981 1824 1177 1915 solutione
1197 1829 1434 1920 corollario·
1562 1945 1565 1952 ,
1678 1847 1681 1875 '

88 2003 185 2062 rum
217 1973 341 2062 instar
362 1973 475 2060 nullu
495 1976 663 2090 negotio
681 1971 931 2073 deriventur.
999 1971 1110 2060 Cum
1139 1973 1316 2092 denique
1334 1979 1438 2070 hacc
1508 1967 1517 1976 ⁸

88 2143 310 2239 praecepta
326 2151 403 2240 pro
417 2144 533 2209 motu
554 2147 778 2236 corporum
798 2115 1026 2232 rigidorum
1045 2117 1359 2212 determinando
1378 2125 1438 2214 lu·

86 2269 233 2384 tilii-me
254 2292 444 2388 pateant,
476 2296 527 2356 ea
546 2298 628 2354 non
650 2267 887 2356 admotum
906 2262 1082 2354 liberum
1103 2265 1231 2354 solum
1249 2269 1438 2375 adstricta
1493 2250 1496 2262 ¹
1531 2245 1536 2261 χ

86 2417 190 2508 sunt.
260 2417 654 2532 Quomodocunque
674 2417 785 2502 enim
805 2439 1028 2528 corporum
1049 2415 1276 2529 rigidorum
1294 2441 1435 2512 motus

13 2577 14 2582 '
89 2565 375 2680 compescitur,
400 2565 485 2654 five
498 2563 614 2680 super
627 2559 752 2678 plano
766 2559 969 2677 quodam,
999 2560 1081 2650 slve
1100 2565 1222 2676 juxta
1242 2561 1320 2652 alia
1343 2595 1436 2656 cor·

85 2743 192 2831 pora
215 2709 406 2798 incedere
428 2711 653 2824 cogantur,
700 2707 1029 2823 fivequodpiam
1060 2737 1206 2797 eorum
1236 2711 1436 2828 pundlum

84 2863 225 2949 fixum
239 2862 482 2970 retineatur,
510 2853 692 2972 quaestio
711 2837 868 2970 semper
886 2852 941 2943 ad
961 2855 1111 2946 tradita
1128 2851 1351 2975 praecepta
1370 2889 1437 2950 re-
1531 2885 1536 2892 ·
1689 2945 1703 2970 ,

85 3011 187 3099 duci
215 3007 355 3127 potest.
1469 3119 1474 3126 .

203 3157 272 3246 Ad
286 3159 499 3272 utriusque
513 3155 637 3268 igitur
649 3153 811 3268 generis
824 3151 983 3260 motus',
1011 3171 1096 3240 tam
1109 3153 1273 3261 liberos,
1305 3182 1434 3274 quam
1490 3265 1496 3285 Ι
1534 3161 1558 3248 ,’

84 3305 289 3395 restridlos
303 3306 345 3388 in
360 3283 842 3416 sequentibusCapitibu's
855 3301 1158 3388 abnucuone
1175 3303 1312 3392 nostro
1323 3304 1433 3392 ledia
1527 3326 1530 3337 ·

86 3455 141 3541 est
156 3449 392 3570 applicatio,
449 3445 691 3568 Gravillima
709 3449 798 3560 ejus
817 3449 979 3561 generis
1001 3447 1201 3560 quaestio,
1238 3479 1321 3566 qua
1339 3481 1431 3538 core
1460 3497 1462 3502 ·

84 3629 163 3718 pus
173 3621 291 3688 motu
301 3597 537 3705 libero,tam
551 3591 812 3710 progrellrvo,
821 3599 1174 3708 quamgyratorio,
1183 3599 1293 3686 circa
1302 3627 1431 3688 axem
1536 3625 1539 3632 ·

83 3748 329 3840 variabilem
342 3745 471 3832 latum
486 3773 510 3830 a
523 3744 680 3832 viribus
693 3742 878 3828 externis
889 3737 1135 3854 sollicitatur,
1143 3749 1254 3830 circa
1267 3766 1431 3834 motum

84 3878 299 4011 vertiginis
312 3919 535 4007 corporum
549 3887 786 3976 coelestium
796 3885 991 3978 versatur.
1060 3889 1169 3978 Eam
1184 3893 1239 3980 ob
1252 3891 1431 3982 caulium

83 4047 166 4132 hoc
189 4063 475 4156 argumentum
495 4042 536 4124 in
558 4035 660 4152 Cap.
683 4033 801 4127 XVl.
821 4037 1048 4149 generatim
1070 4039 1125 4124 ita
1149 4040 1431 4154 pertrailatur,

86 4197 192 4293 utin
204 4183 622 4300 Astronomiaminde
637 4181 749 4272 lnaud
769 4182 1073 4271 contemnenda
1091 4187 1346 4276 incrementa
1363 4217 1430 4274 re·

840 4327 1059 4418 da-
