3734 5016
181 261 188 264 ’
240 283 244 288 ’
294 309 378 412 ua:
408 310 826 406 anterranum
854 237 1109 414 omma.
1236 242 1376 440 7313
1446 305 1493 481 ’

26 493 28 504 ‚
55 499 153 588 uiamli
175 509 261 598 nulla
282 508 403 587 adeffer
418 509 541 600 srit‘lio,
573 513 617 588 eil
637 491 896 616 intelligendum.
938 518 1068 593 -Statim
1088 523 1174 592 euim
1195 539 1290 619 atque
1303 527 1378 611 'qoe-
1440 565 1443 570 ·

54 641 122 714 puta
143 617 259 688 uiribus
282 611 483 703 sollicitatur,
510 616 626 716 quibus
647 617 833 690 admotum
853 624 1051 706 incitaretur,
1076 619 1099 694 fi
1122 620 1207 702 nulla
1227 617 1303 696 esser
1322 621 1376 694 sri-
1404 673 1424 698 1.
1541 629 1545 643 ¹

51 717 115 800 dio,
138 719 213 790 huic
225 723 321 789 etiam
335 737 444 806 motus
460 719 668 816 productioni
686 716 793 791 sriclio
814 719 1003 806 retardatur,
1035 722 1156 794 etiamst
1181 747 1298 820 corpus
1317 723 1375 798 ad·

52 823 96 890 hue
108 816 141 890 fit
153 823 186 890 iu
200 822 320 916 quiete.
371 823 415 890 lta
429 823 525 918 igitur
538 817 642 892 iridio
656 840 721 892 tam
736 826 860 895 ratioue
875 844 986 896 motus
1003 849 1101 924 quam
1121 829 1235 924 quietis
1255 821 1300 896 ell
1320 823 1377 899 de·

51 915 182 1000 finienda,
210 922 337 992 utduru
354 944 472 1018 corpus
486 942 650 1005 reametur,
675 927 742 992 vim
757 917 862 996 eierat
905 945 1037 1024 erpetuo
1057 923 1114 1024 ipst
1137 919 1187 1004 dl'
1205 926 1374 1024 aequalem

50 1017 245 1118 etseeuudum
265 1020 477 1094 diredlionem
498 1028 603 1117 motqi
626 1029 836 1096 contrariam:
869 948 953 1098 doru
969 1045 1076 1097 autem
1097 1049 1215 1125 corpus
1234 1023 1375 1126 quiescit,
1405 1033 1408 1040 ’
1482 1072 1485 1078 ,

49 1122 132 1194 adem
154 1128 223 1194 vim
245 1147 313 1193 uon
332 1148 387 1221 per
405 1116 436 1194 se
457 1121 642 1209 definitam,
674 1120 726 1196 scd
747 1143 865 1204 tautam
887 1123 1038 1196 duntaxat
1059 1149 1215 1222 exerceat,
1255 1147 1375 1228 quauta

50 1229 125 1294 uottri
140 1223 349 1320 impediendo
362 1219 493 1304 sufficit,
519 1221 578 1294 uifi
591 1221 674 1298 sorte
694 1224 733 1298 ad
756 1229 819 1297 hoc
839 1229 952 1316 majori
974 1234 1105 1328 vi-opus
1127 1223 1160 1298 lit
1180 1255 1278 1328 quam
1302 1213 1371 1311 elil:
1394 1221 1398 1284 ’-

51 1347 97 1394 uu
111 1331 193 1396 enim
210 1328 272 1396 hac
285 1345 409 1398 tautum
423 1329 453 1394 vi
470 1319 646 1404 ternotus
667 1325 872 1425 produdlioni
887 1327 1017 1407 reddit,
1042 1355 1124 1426 quae
1144 1355 1221 1400 curu
1241 1349 1372 1404 motum

52 1449 166 1498 oucere
183 1451 255 1497 nou
276 1423 394 1520 valeat,
430 1423 538 1498 motui
561 1451 668 1498 revera
687 1428 900 1526 generabitur.
951 1429 1012 1499 Vis
1032 1424 1147 1500 scilicet
1165 1423 1215 1508 ‘ll'
1235 1429 1279 1502 cll
1299 1449 1373 1506 ma·

51 1533 127 1597 riuus
140 1545 292 1612 conante,
316 1553 383 1625 quo
398 1523 504 1598 stidlio
517 1532 616 1598 auraici
631 1526 751 1624 potest,
776 1553 963 1626 quorevera
976 1524 1102 1628 serrrper
1117 1529 1174 1628 ipsi
1196 1537 1300 1602 motui
1319 1553 1371 1609 re·
1459 1560 1466 1574 ¹

51 1627 114 1712 tillir,
130 1648 249 1728 atquo
264 1633 360 1700 etiam
377 1647 486 1700 motus
499 1633 698 1726 generationi
712 1628 898 1709 reludunt,
925 1629 1054 1729 liopus
1074 1629 1131 1703 cll.
1183 1633 1242 1705 Sin
1261 1655 1369 1706 atatem

52 1735 131 1798 minor
143 1734 186 1824 aia
201 1725 353 1809 sufficiat,
379 1734 474 1802 etiam
490 1734 653 1802 minorem
667 1749 792 1804 tautum
813 1737 930 1806 exerit:
955 1727 1009 1804 seu
1022 1736 1150 1830 quoties
1169 1738 1215 1810 vis
1235 1734 1274 1805 ad
1294 1761 1370 1807 mo-

51 1849 82 1903 tu
95 1831 337 1929 produdiiouem
361 1829 574 1904 cohibendam
597 1825 764 1927 uccell‘aria
786 1857 853 1904 nou
872 1832 966 1904 luerit
987 1836 1092 1921 major
1109 1859 1208 1932 quam
1231 1828 1300 1919 dP,
1326 1851 1369 1909 ‘ea
1431 1903 1435 1909 .

50 1937 81 2004 tis
96 1929 267 2006 afridione
281 1925 509 2032 suppeditatum
558 1931 648 2004 Haec
661 1951 770 2004 autem
788 1952 910 2005 tanturm
924 1931 964 2006 de
978 1954 1078 2005 motu·
1087 1929 1284 2034 progreilivo
1298 1933 1369 2010 suut

52 2041 172 2120 tuenda,
210 2031 471 2106 fienimtuotua
491 2031 670 2133 gyr'atorius
690 2029 833 2115 accedat,
872 2041 1041 2133 praecipue
1061 2031 1171 2106 liaris
1191 2042 1369 2135 gyrationit
1497 2108 1499 2114 s

51 2129 115 2206 luerit
126 2137 161 2206 ad
178 2129 385 2235 superficiem
400 2133 585 2219 inclinatus,
611 2153 661 2208 rea·
672 2135 716 2205 est
729 2134 847 2207 altioris
871 2135 1043 2234 indaginis,
1072 2149 1103 2210 et
1122 2142 1194 2234 quia
1213 2139 1281 2209 hoc
1295 2133 1367 2210 casu
1460 2171 1471 2238 Ι·

52 2261 96 2306 rou
111 2243 216 2310 outnia
239 2234 318 2308 balla
341 2235 499 2308 elementa
517 2231 693 2309 seeundum
712 2235 850 2310 eandem
870 2237 1081 2309 diredlionem
1102 2257 1292 2322 moventur,
1316 2234 1368 2311 su·

51 2325 248 2439 perficiantque
281 2356 402 2424 terum,
441 2333 547 2410 fridio
567 2336 767 2438 liugulorum
795 2339 1031 2412 elementorum
1052 2335 1243 2411 considerari
1262 2339 1388 2424 debet,-

53 2447 248 2540 uquuetiam
261 2437 340 2511 belis
359 2436 459 2539 figura
479 2461 510 2512 et
524 2431 769 2539 utagnitudoin
789 2461 982 2542 computum
1004 2437 1207 2539 ingredietur.
1260 2439 1367 2540 litqu‘e
1387 2509 1389 2514 ,

52 2539 150 2616 adhunc
163 2541 433 2624 circumstantiam
449 2537 558 2640 supra,
586 2540 641 2614 ubi
659 2539 737 2616 bafia
756 2540 898 2644 figuram
916 2567 934 2614 a
955 2539 1223 2617 determinatione
1240 2537 1365 2617 sriclio·

53 2645 83 2714 ait
92 2651 299 2732 removimus,
325 2671 394 2742 uon
411 2639 620 2744 respeximus.

419 2815 864 2898 SCHOL-ION.
913 2838 995 2894 a..

26 2915 28 3020 l
127 2960 230 3032 trid.
260 2952 414 3026 otffictte
431 2949 503 3027 saue
523 2952 567 3028 eil
591 2950 768 3034 sridionis,
803 2948 1082 3052 quemadmodum
1103 2955 1156 3029 hic
1174 2979 1247 3029 earn
1267 2957 1371 3055 eripe·¹
1488 3036 1491 3042 ,

54 3057 151 3129 tieutiaa
165 3045 413 3132 consentaneam
434 3054 623 3142 statuimus,
654 3051 780 3130 causam
802 3053 974 3154 alligante,
1006 3051 1099 3128 facile
1116 3077 1225 3130 autem
1245 3055 1363 3144 causae,

54 3179 109 3250 quae
127 3155 203 3232 forte
224 3163 326 3230 menti
343 3179 528 3237 occurrant,
559 3153 716 3232 refellere.
773 3152 974 3254 Perspicuum
995 3161 1084 3256 euim
1103 3157 1165 3250 eti,
1198 3184 1304 3256 neque
1322 3157 1362 3228 ab
1424 3173 1429 3184 '

54 3255 332 3360 alrafiouequadam
347 3258 592 3349 particularum,
623 3264 727 3358 ueq'ue
740 3284 756 3328 a
771 3255 970 3356 depreiliuue
990 3255 1252 3343 filamentorum,
1283 3258 1363 3330 dum
1422 3315 1424 3319 .

54 3357 239 3460 corprusuper
252 3357 418 3458 superficie
432 3361 565 3444 incedit,
590 3357 776 3432 fridioucm
789 3365 864 3429 oriri
880 3353 985 3456 polle,
1011 3363 1084 3458 quia
1099 3379 1168 3432 tutu
1189 3355 1363 3434 necessario
1433 3429 1448 3442 1,
1497 3389 1498 3398 ¹

54 3453 131 3532 laleos
145 3461 331 3560 magnitudo
346 3467 378 3531 in
394 3483 588 3560 computum
606 3467 744 3536 intraret.
796 3460 895 3562 Qto'd
920 3460 958 3531 ad
979 3455 1185 3544 fridilonem,
1207 3483 1362 3561 quatenus

55 3581 134 3632 notus
152 3569 347 3662 generationi
360 3559 487 3648 resiliit,
508 3561 721 3646 attendamus,
746 3553 937 3660 ealequenti
953 3559 1055 3632 modo
1072 3560 1160 3633 haud
1180 3567 1288 3661 inepte
1308 3585 1363 3656 ett-
1444 3617 1448 3628 ,
1474 3555 1490 3566 ⁸
1632 3628 1635 3638 ,
1658 3635 1665 3646 ,

55 3655 131 3752 plicari
149 3659 232 3761 pulle
247 3661 379 3737 ridetur.
437 3665 527 3735 Dum
549 3691 668 3764 nempe
689 3687 807 3761 eorpus
828 3665 945 3733 ABCD
964 3655 1139 3760 superfieiei
1160 3664 1215 3737 EF
1235 3669 1361 3734 incum-
1376 3677 1541 3778 Fjgdffi,
1626 3673 1628 3684 ’

56 3757 689 3863 lit,eontaduanousecunduiuplanum
705 3767 770 3851 AB,
795 3758 950 3834 utseusus
970 3761 1118 3846 ostendit,
1144 3761 1365 3837 ficricllconi
1401 3830 1426 3848 „
1526 3775 1529 3791 ¹

57 3859 207 3957 liprandus,
237 3861 289 3938 scd
309 3867 353 3938 ob
373 3871 527 3947 minimas¹
547 3870 694 3964 utrinque
716 3869 948 3964 proruiueutias
970 3885 1002 3937 et
1020 3869 1164 3938 caritates
1186 3861 1364 3940 secundum

57 3953 219 4056 superficiem
235 3963 392 4039 fautiosam
409 3965 759 4066 etqualluudulatam,
784 3971 822 4038 ab
847 3971 887 4036 ab
912 3969 967 4049 ab,
999 3963 1077 4036 dum
1102 3968 1146 4038 ob
1168 3964 1364 4067 pressiouepu

58 4063 253 4154 pertinentiae
266 4069 392 4140 alterius
407 4073 439 4140 iu
453 4075 598 4140 cavitates
618 4067 743 4140 alterius
754 4061 796 4144 „sc
817 4065 987 4138 insinuaut.
1040 4068 1116 4142 Hoc
1136 4065 1272 4141 admisso
1292 4093 1364 4140 cora
1427 4099 1434 4126 ι

60 4176 218 4254 puttnoveri
228 4177 357 4270 nequit,
382 4176 460 4270 quin
482 4167 576 4240 fimul
596 4165 688 4270 supra
710 4164 911 4267 superficiem
933 4171 985 4238 AB
1005 4168 1238 4266 aliquantillum
1260 4170 1365 4242 eleve-

61 4279 107 4354 tur3
127 4265 171 4339 seu
191 4275 291 4368 prima
309 4289 422 4342 mutua
441 4267 605 4370 imprellio
629 4297 696 4342 nou
719 4267 1125 4370 sccundum'diret‘lionem
1145 4274 1201 4341 Oit
1230 4269 1286 4371 ipsi
1310 4271 1363 4341 AB

61 4365 222 4456 uullelam,
246 4367 491 4456 seducendum
509 4369 671 4474 quandam
681 4369 895 4472 ¹diredliou'em
908 4369 1159 4448 OSiuclinatam
1170 4371 1242 4450 fieri
1258 4372 1363 4457 deber,

390 4505 435 4516 ·’
764 4475 847 4564 ¹Ttt
1164 4551 1171 4558 ,
1280 4497 1363 4572 quae
