3872 5012
567 301 980 398 raAm’Arm
1002 235 1025 450 ζ
1106 227 1117 234 ”

106 503 929 622 detestamabipsoveroslnslorenostro
945 501 1452 596 adususmeehanicosfess
1485 558 1496 564 -

13 677 16 698 ’
103 653 284 747 licilsrmo
299 652 473 742 lirc‘cessu
486 653 657 740 ulterius
671 655 929 769 applicatam.
967 652 1096 764 Quod
1110 657 1152 738 in
1174 633 1449 770 applicatione
1588 680 1593 689 “

103 803 155 890 ad
168 801 384 920 problema
400 804 452 889 de
465 825 580 889 motu
595 803 806 915 vertiginis
821 823 955 920 terrae
968 801 1052 913 jam
1067 801 1393 915 investigaverat,
1403 800 1448 889 id
1639 773 1646 786 Ι

100 952 141 1038 in
156 949 376 1068 Opusculis
390 949 691 1038 Mathematicis
706 949 868 1035 Parisiis
885 951 933 1034 h.
947 967 1053 1058 1701.
1067 947 1158 1061 gall.
1174 949 1227 1038 id.
1242 939 1359 1034 editis
1377 947 1449 1034 de·
1478 937 1480 941 ’

24 1073 29 1080 ’
100 1100 238 1184 nuoin
252 1095 544 1211 generalissimo
559 1096 665 1182 sensu
677 1071 922 1211 conceptum
933 1093 1144 1210 problema
1155 1093 1446 1210 enodavitCel.

104 1246 453 1353 ulimmerius,
465 1265 507 1328 et
522 1244 690 1357 quidem
703 1246 745 1328 in
759 1246 906 1358 prioris
920 1241 957 1330 T
959 1245 1044 1328 omi
1053 1240 1374 1331 Commentatione
1381 1242 1445 1358 sa-

102 1393 247 1478 arando:
265 1390 309 1477 de
324 1406 431 1478 nmio
443 1390 623 1505 corporis
639 1394 897 1504 cujasmnqae
904 1390 1065 1502 figurae
1081 1387 1270 1478 nauibus
1284 1365 1449 1504 quibas-¹

38 1565 44 1572 ·
103 1534 471 1654 cttnqne'sollicitati.
537 1535 661 1623 Hanc
682 1527 1076 1624 commentationem
1098 1563 1205 1622 css.
1227 1537 1446 1623 n’tlnsm-

98 1711 233 1770 nens
246 1682 419 1770 Auslori
435 1683 585 1791 nostro,
599 1701 695 1770 cu'm
708 1687 750 1770 in
763 1682 1015 1768 elaborando
1030 1682 1109 1768 hoc
1122 1709 1247 1798 opere
1262 1713 1445 1800 occupa·

96 1853 163 1920 tus
178 1829 286 1939 esset,
301 1833 602 1944 cognitamnon
615 1831 741 1936 fuisse,
755 1829 848 1916 ideo
858 1833 937 1944 'pro
952 1825 1444 1946 certoevincerepossum,
1498 1947 1503 1954 ι

94 1979 192 2093 qula
206 2005 314 2094 opus
328 1975 667 2063 Eunoni-nostri
685 1977 770 2087 jam
792 1975 845 2062 A,
869 1979 987 2084 1760.
1009 1943 1335 2061 consummatum
1357 1997 1444 2064 eta

95 2153 204 2212 oss.
222 2095 459 2212 anchona·
472 2122 813 2229 initioA·1761.ad
827 2151 895 2207 me
910 2120 1183 2208 transmissum
1198 2143 1298 2229 erat,
1307 2124 1445 2237 prouti
1477 2188 1480 2195 .

93 2270 148 2358 de
163 2301 215 2358 eo
231 2271 399 2357 testatur
414 2267 599 2359 schedula
613 2271 698 2382 jam
713 2269 770 2384 Aa
783 2275 889 2375 1761.
903 2266 1103 2388 impressa,
1123 2295 1204 2382 qua
1218 2269 1443 2364 institutum
1486 2333 1489 2336 -

91 2417 193 2508 Dni.
209 2419 317 2510 Rbse
332 2419 384 2507 de
399 2415 649 2533 excudendo
669 2415 747 2500 hoc
762 2442 889 2531 opere
905 2402 1170 2502 indicebatur.
1215 2416 1301 2532 lpsa
1316 2423 1442 2507 ctiam
1576 2417 1585 2466 ³

94 2566 332 2675 methodus,
345 2595 428 2680 qua
442 2594 546 2652 can.
565 2563 900 2649 n’AusmnaR'r
916 2560 1009 2648 usus
1025 2561 1093 2672 est,
1115 2561 1220 2649 adeo
1235 2563 1371 2652 dissert
1385 2567 1439 2652 ab

90 2709 427 2820 Euoamann,
455 2730 500 2795 ut
516 2739 568 2794 ne
583 2711 752 2794 minima
767 2705 929 2824 suspicio
944 2713 1040 2795 oriri
1053 2733 1191 2826 queat,
1206 2741 1334 2798 unum
1352 2713 1441 2799 Au·

90 2857 252 2945 slorem
268 2855 435 2943 alterius
452 2884 558 2972 opus
571 2857 613 2940 in
630 2853 841 2944 lubhdium
858 2855 1029 2945 vocasse.
1087 2857 1158 2950 Sic
1174 2861 1323 2946 iterum
1334 2859 1440 2948 Ger·

90 3003 296 3094 maniade
310 3033 445 3093 novae
460 3001 646 3088 scientiae
659 3005 875 3090 inventore
897 3028 1053 3090 certare
1070 3005 1200 3118 potest
1222 3034 1318 3090 cum
1337 3002 1438 3092 Gal·
1545 3030 1553 3044 ·

88 3151 166 3258 lia,
196 3153 332 3267 prouti
346 3151 447 3239 alias
462 3151 514 3236 de
534 3147 693 3236 Calculi
710 3147 988 3234 differentialis
1005 3151 1219 3236 inventore
1234 3181 1331 3237 cum
1351 3153 1439 3240 An-

89 3297 169 3411 glia
183 3303 370 3386 certavit.
427 3297 579 3408 Quivis
601 3297 746 3382 horum
764 3299 921 3411 primae
942 3285 1231 3419 magnitudinis
1254 3279 1437 3386 Geome-
1552 3371 1564 3381 .

90 3461 248 3532 tratum
263 3443 457 3559 peculiari
473 3441 635 3554 usus-est
651 3441 847 3528 methodo
863 3471 912 3528 ac
928 3447 1100 3558 propriis
1121 3445 1355 3533 inveniendi
1369 3475 1435 3532 ar-

90 3593 239 3706 tificiis,
264 3621 372 3706 quae
387 3621 490 3680 vero
504 3589 724 3676 methodus
739 3589 858 3674 alteri.
867 3589 1049 3704 palmam
1065 3567 1436 3708 praeripiatsquae-

87 3739 163 3824 stio
180 3741 257 3847 est,
284 3769 410 3854 quarn
426 3736 703 3852 sublimiorum
723 3736 958 3849 hujusmodi
972 3739 1227 3826 scientiarum
1249 3723 1437 3830 martimo

89 3887 236 4000 peritis
252 3882 736 3998 decidendamrelinquo.
771 3963 774 3968 .

175 4030 649 4147 Siinterellreipublicae
662 4027 893 4142 litterariae,
904 4055 949 4120 ut
963 4033 1131 4148 posteris
1145 4031 1434 4122 conserventur
1554 4115 1572 4122 -

89 4177 232 4298 scripta
247 4177 1132 4308 Auslorum,qui,novisrlrtibus·condendis
1146 4179 1216 4270 aut
1228 4183 1434 4297 insigniter

1341 4357 1428 4416 am-
