<?xml version="1.0" encoding="UTF-8"?>
<!DOCTYPE html PUBLIC "-//W3C//DTD XHTML 1.0 Transitional//EN"
    "http://www.w3.org/TR/xhtml1/DTD/xhtml1-transitional.dtd">
<html xmlns="http://www.w3.org/1999/xhtml" xml:lang="en" lang="en">
 <head>
  <title>
</title>
<meta http-equiv="Content-Type" content="text/html;charset=utf-8" />
  <meta name='ocr-system' content='tesseract 3.04.00' />
  <meta name='ocr-capabilities' content='ocr_page ocr_carea ocr_par ocr_line ocrx_word'/>
</head>
<body>
  <div class='ocr_page' id='page_1' title='image "./theoriamotvscor02eulegoog/theoriamotvscor02eulegoog_0380.png"; bbox 0 0 3792 5020; ppageno 0'>
   <div class='ocr_carea' id='block_1_1' title="bbox 224 257 1469 448">
    <p class='ocr_par' dir='ltr' id='par_1_1' title="bbox 224 257 1469 448">
     <span class='ocr_line' id='line_1_1' title="bbox 224 257 1469 448; baseline 0.003 -38"><span class='ocrx_word' id='word_1_1' title='bbox 224 308 653 438; x_wconf 49' lang='lat' dir='ltr'>sorunrrnnno</span> <span class='ocrx_word' id='word_1_2' title='bbox 681 310 1099 408; x_wconf 78' lang='lat' dir='ltr'>nonrzonrnur</span> <span class='ocrx_word' id='word_1_3' title='bbox 1123 297 1205 410; x_wconf 74' lang='lat' dir='ltr'>ue.</span> <span class='ocrx_word' id='word_1_4' title='bbox 1327 335 1404 448; x_wconf 68' lang='lat'>335</span> <span class='ocrx_word' id='word_1_5' title='bbox 1450 257 1469 414; x_wconf 61' lang='lat' dir='ltr'><strong><em>s</em></strong></span> 
     </span>
    </p>
   </div>
   <div class='ocr_carea' id='block_1_2' title="bbox 520 475 944 592">
    <p class='ocr_par' dir='ltr' id='par_1_2' title="bbox 520 475 944 592">
     <span class='ocr_line' id='line_1_2' title="bbox 520 475 944 592; baseline 0.005 -5"><span class='ocrx_word' id='word_1_6' title='bbox 520 475 944 592; x_wconf 59' lang='lat' dir='ltr'>ronouron&#39;</span> 
     </span>
    </p>
   </div>
   <div class='ocr_carea' id='block_1_3' title="bbox 57 629 1516 849">
    <p class='ocr_par' dir='ltr' id='par_1_3' title="bbox 57 629 1516 849">
     <span class='ocr_line' id='line_1_3' title="bbox 158 629 1401 742; baseline 0.003 -27"><span class='ocrx_word' id='word_1_7' title='bbox 158 655 243 737; x_wconf 75' lang='lat'>784,</span> <span class='ocrx_word' id='word_1_8' title='bbox 263 629 357 715; x_wconf 46' lang='lat' dir='ltr'>&#39;Cum</span> <span class='ocrx_word' id='word_1_9' title='bbox 372 641 468 716; x_wconf 72' lang='lat' dir='ltr'>narbo</span> <span class='ocrx_word' id='word_1_10' title='bbox 481 644 598 718; x_wconf 83' lang='lat' dir='ltr'>tardius</span> <span class='ocrx_word' id='word_1_11' title='bbox 620 649 653 716; x_wconf 87' lang='lat' dir='ltr'>ia</span> <span class='ocrx_word' id='word_1_12' title='bbox 670 669 797 742; x_wconf 76' lang='lat' dir='ltr'>gyrum</span> <span class='ocrx_word' id='word_1_13' title='bbox 812 647 898 720; x_wconf 73' lang='lat' dir='ltr'>asim</span> <span class='ocrx_word' id='word_1_14' title='bbox 922 646 1227 742; x_wconf 78' lang='lat' dir='ltr'>mox-procumbat,</span> <span class='ocrx_word' id='word_1_15' title='bbox 1258 673 1294 720; x_wconf 87' lang='lat' dir='ltr'>en</span> <span class='ocrx_word' id='word_1_16' title='bbox 1315 643 1401 720; x_wconf 89' lang='lat' dir='ltr'>cele·</span> 
     </span>
     <span class='ocr_line' id='line_1_4' title="bbox 57 743 1516 849; baseline -0.005 -21"><span class='ocrx_word' id='word_1_17' title='bbox 57 757 126 828; x_wconf 84' lang='lat' dir='ltr'>ritaa</span> <span class='ocrx_word' id='word_1_18' title='bbox 138 744 296 849; x_wconf 82' lang='lat' dir='ltr'>angularia</span> <span class='ocrx_word' id='word_1_19' title='bbox 310 749 415 816; x_wconf 86' lang='lat' dir='ltr'>notari</span> <span class='ocrx_word' id='word_1_20' title='bbox 427 765 585 827; x_wconf 85' lang='lat' dir='ltr'>meretur,</span> <span class='ocrx_word' id='word_1_21' title='bbox 609 771 707 844; x_wconf 87' lang='lat' dir='ltr'>quam</span> <span class='ocrx_word' id='word_1_22' title='bbox 724 745 744 815; x_wconf 88' lang='lat' dir='ltr'>sr</span> <span class='ocrx_word' id='word_1_23' title='bbox 759 748 852 820; x_wconf 88' lang='lat' dir='ltr'>turbo</span> <span class='ocrx_word' id='word_1_24' title='bbox 864 743 1080 845; x_wconf 82' lang='lat' dir='ltr'>¹superaverit,</span> <span class='ocrx_word' id='word_1_25' title='bbox 1112 753 1227 846; x_wconf 79' lang='lat' dir='ltr'>iterum</span> <span class='ocrx_word' id='word_1_26' title='bbox 1239 754 1399 848; x_wconf 77' lang='lat' dir='ltr'>erigatur.</span> <span class='ocrx_word' id='word_1_27' title='bbox 1513 825 1516 832; x_wconf 61' lang='grc'><strong><em>,</em></strong></span> 
     </span>
    </p>
   </div>
   <div class='ocr_carea' id='block_1_4' title="bbox 652 849 802 1080">
    <p class='ocr_par' dir='ltr' id='par_1_4' title="bbox 652 849 802 1080">
     <span class='ocr_line' id='line_1_5' title="bbox 667 849 792 946; baseline 0.024 -4"><span class='ocrx_word' id='word_1_28' title='bbox 667 849 792 946; x_wconf 60' lang='lat' dir='ltr'>arm</span> 
     </span>
     <span class='ocr_line' id='line_1_6' title="bbox 652 978 802 1080; baseline -0.013 -24"><span class='ocrx_word' id='word_1_29' title='bbox 652 978 802 1080; x_wconf 55' lang='lat' dir='ltr'>arnt</span> 
     </span>
    </p>
   </div>
   <div class='ocr_carea' id='block_1_5' title="bbox 51 1077 1568 1491">
    <p class='ocr_par' dir='ltr' id='par_1_5' title="bbox 52 1077 1568 1386">
     <span class='ocr_line' id='line_1_7' title="bbox 53 1077 1568 1184; baseline 0.003 -24"><span class='ocrx_word' id='word_1_30' title='bbox 53 1089 285 1167; x_wconf 85' lang='lat' dir='ltr'>tioconvenit,</span> <span class='ocrx_word' id='word_1_31' title='bbox 316 1087 436 1184; x_wconf 82' lang='lat' dir='ltr'>nempe</span> <span class='ocrx_word' id='word_1_32' title='bbox 454 1077 483 1164; x_wconf 72' lang='lat' dir='ltr'>S</span> <span class='ocrx_word' id='word_1_33' title='bbox 501 1117 538 1154; x_wconf 89' lang='lat'>=</span> <span class='ocrx_word' id='word_1_34' title='bbox 560 1112 606 1158; x_wconf 90' lang='lat' dir='ltr'>o:</span> <span class='ocrx_word' id='word_1_35' title='bbox 648 1079 701 1158; x_wconf 88' lang='lat' dir='ltr'>sed</span> <span class='ocrx_word' id='word_1_36' title='bbox 722 1092 796 1184; x_wconf 85' lang='lat' dir='ltr'>quia</span> <span class='ocrx_word' id='word_1_37' title='bbox 818 1086 862 1156; x_wconf 86' lang='lat' dir='ltr'>ob</span> <span class='ocrx_word' id='word_1_38' title='bbox 882 1105 1013 1178; x_wconf 87' lang='lat' dir='ltr'>motem</span> <span class='ocrx_word' id='word_1_39' title='bbox 1027 1085 1162 1158; x_wconf 84' lang='lat' dir='ltr'>turbinis</span> <span class='ocrx_word' id='word_1_40' title='bbox 1181 1091 1246 1159; x_wconf 81' lang='lat' dir='ltr'>axis</span> <span class='ocrx_word' id='word_1_41' title='bbox 1267 1113 1336 1158; x_wconf 91' lang='lat' dir='ltr'>non</span> <span class='ocrx_word' id='word_1_42' title='bbox 1356 1083 1397 1162; x_wconf 79' lang='lat' dir='ltr'>ad</span> <span class='ocrx_word' id='word_1_43' title='bbox 1506 1167 1509 1174; x_wconf 74' lang='grc'>,</span> <span class='ocrx_word' id='word_1_44' title='bbox 1562 1157 1568 1164; x_wconf 89' lang='grc'>.</span> 
     </span>
     <span class='ocr_line' id='line_1_8' title="bbox 52 1183 1440 1286; baseline -0.003 -23"><span class='ocrx_word' id='word_1_45' title='bbox 52 1191 255 1263; x_wconf 83' lang='lat' dir='ltr'>horizontem</span> <span class='ocrx_word' id='word_1_46' title='bbox 270 1211 371 1286; x_wconf 79' lang='lat' dir='ltr'>usque</span> <span class='ocrx_word' id='word_1_47' title='bbox 385 1183 670 1286; x_wconf 55' lang='lat' dir='ltr'>inciinaripoteiiss</span> <span class='ocrx_word' id='word_1_48' title='bbox 690 1208 737 1258; x_wconf 77' lang='lat' dir='ltr'>‘ea</span> <span class='ocrx_word' id='word_1_49' title='bbox 755 1209 817 1285; x_wconf 88' lang='lat' dir='ltr'>pro</span> <span class='ocrx_word' id='word_1_50' title='bbox 835 1191 976 1258; x_wconf 72' lang='lat' dir='ltr'>marinna</span> <span class='ocrx_word' id='word_1_51' title='bbox 998 1187 1204 1260; x_wconf 79' lang='lat' dir='ltr'>inclinatione</span> <span class='ocrx_word' id='word_1_52' title='bbox 1223 1193 1282 1260; x_wconf 88' lang='lat' dir='ltr'>erit</span> <span class='ocrx_word' id='word_1_53' title='bbox 1301 1213 1396 1286; x_wconf 86' lang='lat' dir='ltr'>repu·</span> <span class='ocrx_word' id='word_1_54' title='bbox 1434 1219 1440 1232; x_wconf 95' lang='lat'><em>·</em></span> 
     </span>
     <span class='ocr_line' id='line_1_9' title="bbox 52 1283 1472 1386; baseline 0.001 -25"><span class='ocrx_word' id='word_1_55' title='bbox 52 1287 161 1376; x_wconf 85' lang='lat' dir='ltr'>tanda,</span> <span class='ocrx_word' id='word_1_56' title='bbox 185 1289 240 1360; x_wconf 90' lang='lat' dir='ltr'>nbi</span> <span class='ocrx_word' id='word_1_57' title='bbox 261 1289 355 1359; x_wconf 90' lang='lat' dir='ltr'>turbo</span> <span class='ocrx_word' id='word_1_58' title='bbox 374 1283 462 1386; x_wconf 82' lang='lat' dir='ltr'>quasi</span> <span class='ocrx_word' id='word_1_59' title='bbox 480 1312 617 1386; x_wconf 88' lang='lat' dir='ltr'>corpore</span> <span class='ocrx_word' id='word_1_60' title='bbox 635 1284 692 1360; x_wconf 90' lang='lat' dir='ltr'>suo</span> <span class='ocrx_word' id='word_1_61' title='bbox 715 1289 926 1361; x_wconf 86' lang='lat' dir='ltr'>horizontem</span> <span class='ocrx_word' id='word_1_62' title='bbox 945 1295 1086 1386; x_wconf 80' lang='lat' dir='ltr'>attingit3</span> <span class='ocrx_word' id='word_1_63' title='bbox 1119 1315 1200 1386; x_wconf 88' lang='lat' dir='ltr'>quae</span> <span class='ocrx_word' id='word_1_64' title='bbox 1221 1285 1244 1360; x_wconf 86' lang='lat' dir='ltr'>st</span> <span class='ocrx_word' id='word_1_65' title='bbox 1263 1306 1396 1362; x_wconf 85' lang='lat' dir='ltr'>vocetur</span> <span class='ocrx_word' id='word_1_66' title='bbox 1465 1285 1472 1300; x_wconf 59' lang='lat'>⁸</span> 
     </span>
    </p>

    <p class='ocr_par' dir='ltr' id='par_1_6' title="bbox 51 1386 1396 1491">
     <span class='ocr_line' id='line_1_10' title="bbox 51 1386 1396 1491; baseline -0.002 -26"><span class='ocrx_word' id='word_1_67' title='bbox 51 1419 88 1465; x_wconf 84' lang='lat'>=</span> <span class='ocrx_word' id='word_1_68' title='bbox 104 1395 140 1478; x_wconf 85' lang='lat' dir='ltr'>i,</span> <span class='ocrx_word' id='word_1_69' title='bbox 179 1416 224 1463; x_wconf 87' lang='lat' dir='ltr'>ne</span> <span class='ocrx_word' id='word_1_70' title='bbox 239 1389 343 1482; x_wconf 85' lang='lat' dir='ltr'>¹turbo</span> <span class='ocrx_word' id='word_1_71' title='bbox 361 1409 504 1488; x_wconf 88' lang='lat' dir='ltr'>eousque</span> <span class='ocrx_word' id='word_1_72' title='bbox 529 1390 722 1471; x_wconf 88' lang='lat' dir='ltr'>inciinetur,</span> <span class='ocrx_word' id='word_1_73' title='bbox 760 1389 901 1464; x_wconf 81' lang='lat' dir='ltr'>celeritas</span> <span class='ocrx_word' id='word_1_74' title='bbox 921 1389 1081 1491; x_wconf 84' lang='lat' dir='ltr'>angularis</span> <span class='ocrx_word' id='word_1_75' title='bbox 1100 1393 1192 1462; x_wconf 88' lang='lat' dir='ltr'>initio</span> <span class='ocrx_word' id='word_1_76' title='bbox 1209 1386 1358 1490; x_wconf 86' lang='lat' dir='ltr'>impressa</span> <span class='ocrx_word' id='word_1_77' title='bbox 1377 1425 1396 1470; x_wconf 72' lang='lat' dir='ltr'>n</span> 
     </span>
    </p>
   </div>
   <div class='ocr_carea' id='block_1_6' title="bbox 43 1486 1470 2440">
    <p class='ocr_par' dir='ltr' id='par_1_7' title="bbox 49 1486 1403 1834">
     <span class='ocr_line' id='line_1_11' title="bbox 49 1486 1396 1726; baseline 0 -94"><span class='ocrx_word' id='word_1_78' title='bbox 49 1537 226 1648; x_wconf 71' lang='lat' dir='ltr'>maioteffe</span> <span class='ocrx_word' id='word_1_79' title='bbox 238 1527 348 1640; x_wconf 77' lang='lat' dir='ltr'>(sehet,</span> <span class='ocrx_word' id='word_1_80' title='bbox 374 1581 475 1658; x_wconf 89' lang='lat' dir='ltr'>quam</span> <span class='ocrx_word' id='word_1_81' title='bbox 498 1486 842 1726; x_wconf 46' lang='grc' dir='ltr'>αῐῖἓζῖδῃέιῶῑ</span> <span class='ocrx_word' id='word_1_82' title='bbox 854 1578 895 1632; x_wconf 84' lang='lat' dir='ltr'>et</span> <span class='ocrx_word' id='word_1_83' title='bbox 914 1554 1069 1659; x_wconf 84' lang='lat' dir='ltr'>quamdiu</span> <span class='ocrx_word' id='word_1_84' title='bbox 1089 1583 1131 1630; x_wconf 84' lang='lat' dir='ltr'>ea</span> <span class='ocrx_word' id='word_1_85' title='bbox 1146 1540 1250 1650; x_wconf 77' lang='lat' dir='ltr'>major</span> <span class='ocrx_word' id='word_1_86' title='bbox 1267 1552 1396 1632; x_wconf 89' lang='lat' dir='ltr'>manse·</span> 
     </span>
     <span class='ocr_line' id='line_1_12' title="bbox 49 1718 1403 1834; baseline 0.002 -28"><span class='ocrx_word' id='word_1_87' title='bbox 49 1736 104 1816; x_wconf 84' lang='lat' dir='ltr'>tit,</span> <span class='ocrx_word' id='word_1_88' title='bbox 128 1731 254 1804; x_wconf 83' lang='lat' dir='ltr'>mtboa</span> <span class='ocrx_word' id='word_1_89' title='bbox 269 1725 365 1834; x_wconf 87' lang='lat' dir='ltr'>lapsu.</span> <span class='ocrx_word' id='word_1_90' title='bbox 377 1735 436 1806; x_wconf 88' lang='lat' dir='ltr'>etit</span> <span class='ocrx_word' id='word_1_91' title='bbox 453 1718 622 1827; x_wconf 82' lang='lat' dir='ltr'>immunis.</span> <span class='ocrx_word' id='word_1_92' title='bbox 651 1819 657 1828; x_wconf 94' lang='lat'>.</span> <span class='ocrx_word' id='word_1_93' title='bbox 679 1725 899 1830; x_wconf 69' lang='lat' dir='ltr'>Haecqueesi</span> <span class='ocrx_word' id='word_1_94' title='bbox 921 1725 1028 1829; x_wconf 75' lang='lat' dir='ltr'>causq,</span> <span class='ocrx_word' id='word_1_95' title='bbox 1055 1727 1145 1830; x_wconf 85' lang='lat' dir='ltr'>quod</span> <span class='ocrx_word' id='word_1_96' title='bbox 1165 1733 1277 1828; x_wconf 72' lang='lat' dir='ltr'>turrito,</span> <span class='ocrx_word' id='word_1_97' title='bbox 1315 1759 1403 1817; x_wconf 67' lang='lat' dir='ltr'>curn,</span> 
     </span>
    </p>

    <p class='ocr_par' dir='ltr' id='par_1_8' title="bbox 43 1819 1470 2440">
     <span class='ocr_line' id='line_1_13' title="bbox 48 1819 1395 1934; baseline 0.001 -28"><span class='ocrx_word' id='word_1_98' title='bbox 48 1832 91 1906; x_wconf 88' lang='lat' dir='ltr'>ob</span> <span class='ocrx_word' id='word_1_99' title='bbox 109 1819 440 1934; x_wconf 61' lang='lat' dir='ltr'>srisiionemmsi&#39;aque</span> <span class='ocrx_word' id='word_1_100' title='bbox 460 1829 621 1907; x_wconf 78' lang='lat' dir='ltr'>obstacula</span> <span class='ocrx_word' id='word_1_101' title='bbox 641 1837 837 1928; x_wconf 69' lang='lat' dir='ltr'>cineratotuc</span> <span class='ocrx_word' id='word_1_102' title='bbox 856 1826 975 1904; x_wconf 79' lang='lat' dir='ltr'>seusint&#39;</span> <span class='ocrx_word' id='word_1_103' title='bbox 993 1837 1222 1928; x_wconf 78' lang='lat' dir='ltr'>imminpatur,</span> <span class='ocrx_word' id='word_1_104' title='bbox 1263 1835 1395 1910; x_wconf 89' lang='lat' dir='ltr'>tandem</span> 
     </span>
     <span class='ocr_line' id='line_1_14' title="bbox 46 1915 1432 2036; baseline 0.003 -33"><span class='ocrx_word' id='word_1_105' title='bbox 46 1915 236 2036; x_wconf 61' lang='lat' dir='ltr'>proiciatur.</span> <span class='ocrx_word' id='word_1_106' title='bbox 286 1939 439 2010; x_wconf 87' lang='lat' dir='ltr'>Ceterum</span> <span class='ocrx_word' id='word_1_107' title='bbox 453 1961 531 2030; x_wconf 80' lang='lat' dir='ltr'>cum</span> <span class='ocrx_word' id='word_1_108' title='bbox 549 1935 600 2006; x_wconf 86' lang='lat' dir='ltr'>hic</span> <span class='ocrx_word' id='word_1_109' title='bbox 612 1927 654 2032; x_wconf 84' lang='lat' dir='ltr'>ad</span> <span class='ocrx_word' id='word_1_110' title='bbox 670 1931 827 2026; x_wconf 78' lang='lat' dir='ltr'>ejusmodi</span> <span class='ocrx_word' id='word_1_111' title='bbox 841 1921 1000 2007; x_wconf 67' lang='lat' dir='ltr'>obtinente</span> <span class='ocrx_word' id='word_1_112' title='bbox 1015 1959 1084 2006; x_wconf 92' lang='lat' dir='ltr'>non</span> <span class='ocrx_word' id='word_1_113' title='bbox 1103 1927 1306 2033; x_wconf 75' lang='lat' dir='ltr'>respexerint,</span> <span class='ocrx_word' id='word_1_114' title='bbox 1331 1939 1394 2008; x_wconf 87' lang='lat' dir='ltr'>mi·</span> <span class='ocrx_word' id='word_1_115' title='bbox 1423 1975 1432 1992; x_wconf 60' lang='grc' dir='ltr'><em>ι</em></span> 
     </span>
     <span class='ocr_line' id='line_1_15' title="bbox 47 2029 1470 2137; baseline -0.001 -29"><span class='ocrx_word' id='word_1_116' title='bbox 47 2059 118 2108; x_wconf 85' lang='lat' dir='ltr'>rum</span> <span class='ocrx_word' id='word_1_117' title='bbox 131 2062 199 2109; x_wconf 88' lang='lat' dir='ltr'>uon</span> <span class='ocrx_word' id='word_1_118' title='bbox 214 2032 277 2120; x_wconf 78' lang='lat' dir='ltr'>esi,</span> <span class='ocrx_word' id='word_1_119' title='bbox 306 2033 446 2110; x_wconf 84' lang='lat' dir='ltr'>fietiam</span> <span class='ocrx_word' id='word_1_120' title='bbox 468 2036 587 2137; x_wconf 87' lang='lat' dir='ltr'>reliqua</span> <span class='ocrx_word' id='word_1_121' title='bbox 607 2039 833 2134; x_wconf 86' lang='lat' dir='ltr'>phaenomena</span> <span class='ocrx_word' id='word_1_122' title='bbox 854 2039 1066 2134; x_wconf 77' lang='lat' dir='ltr'>experientiae</span> <span class='ocrx_word' id='word_1_123' title='bbox 1084 2035 1152 2122; x_wconf 79' lang='lat' dir='ltr'>non</span> <span class='ocrx_word' id='word_1_124' title='bbox 1171 2032 1241 2109; x_wconf 89' lang='lat' dir='ltr'>satis</span> <span class='ocrx_word' id='word_1_125' title='bbox 1264 2029 1394 2136; x_wconf 87' lang='lat' dir='ltr'>respon·</span> <span class='ocrx_word' id='word_1_126' title='bbox 1466 2085 1470 2092; x_wconf 89' lang='lat'>-</span> 
     </span>
     <span class='ocr_line' id='line_1_16' title="bbox 46 2131 1393 2238; baseline 0.001 -30"><span class='ocrx_word' id='word_1_127' title='bbox 46 2131 302 2210; x_wconf 75' lang='lat' dir='ltr'>deantt&#39;etiamfi</span> <span class='ocrx_word' id='word_1_128' title='bbox 317 2159 420 2210; x_wconf 82' lang='lat' dir='ltr'>certus</span> <span class='ocrx_word' id='word_1_129' title='bbox 435 2137 609 2212; x_wconf 84' lang='lat' dir='ltr'>vesocitatie</span> <span class='ocrx_word' id='word_1_130' title='bbox 622 2135 756 2236; x_wconf 80' lang='lat' dir='ltr'>gradus,</span> <span class='ocrx_word' id='word_1_131' title='bbox 781 2135 820 2210; x_wconf 90' lang='lat' dir='ltr'>ad</span> <span class='ocrx_word' id='word_1_132' title='bbox 840 2141 1071 2236; x_wconf 78' lang='lat' dir='ltr'>perennitatem</span> <span class='ocrx_word' id='word_1_133' title='bbox 1090 2142 1268 2238; x_wconf 84' lang='lat' dir='ltr'>gyrationix</span> <span class='ocrx_word' id='word_1_134' title='bbox 1286 2143 1393 2236; x_wconf 83' lang='lat' dir='ltr'>requi·</span> 
     </span>
     <span class='ocr_line' id='line_1_17' title="bbox 45 2233 1468 2338; baseline 0.001 -28"><span class='ocrx_word' id='word_1_135' title='bbox 45 2235 137 2323; x_wconf 80' lang='lat' dir='ltr'>fitne,</span> <span class='ocrx_word' id='word_1_136' title='bbox 174 2244 386 2338; x_wconf 80' lang='lat' dir='ltr'>experientiae</span> <span class='ocrx_word' id='word_1_137' title='bbox 406 2244 547 2312; x_wconf 86' lang='lat' dir='ltr'>maxime</span> <span class='ocrx_word' id='word_1_138' title='bbox 567 2235 604 2309; x_wconf 82' lang='lat' dir='ltr'>fit</span> <span class='ocrx_word' id='word_1_139' title='bbox 624 2233 864 2311; x_wconf 77' lang='lat' dir='ltr'>consentaneus.</span> <span class='ocrx_word' id='word_1_140' title='bbox 928 2239 1051 2309; x_wconf 84' lang='lat' dir='ltr'>Verum</span> <span class='ocrx_word' id='word_1_141' title='bbox 1073 2242 1188 2336; x_wconf 85' lang='lat' dir='ltr'>ingens</span> <span class='ocrx_word' id='word_1_142' title='bbox 1207 2235 1392 2332; x_wconf 79' lang='lat' dir='ltr'>fittedubio</span> <span class='ocrx_word' id='word_1_143' title='bbox 1462 2322 1468 2335; x_wconf 48' lang='lat'><strong>,</strong></span> 
     </span>
     <span class='ocr_line' id='line_1_18' title="bbox 43 2333 1392 2440; baseline 0.003 -30"><span class='ocrx_word' id='word_1_144' title='bbox 43 2335 209 2414; x_wconf 82' lang='lat' dir='ltr'>discrimen</span> <span class='ocrx_word' id='word_1_145' title='bbox 234 2337 547 2440; x_wconf 85' lang='lat' dir='ltr'>deprehenderetur,</span> <span class='ocrx_word' id='word_1_146' title='bbox 592 2337 617 2409; x_wconf 84' lang='lat' dir='ltr'>st</span> <span class='ocrx_word' id='word_1_147' title='bbox 635 2334 794 2411; x_wconf 76' lang='lat' dir='ltr'>fortaritiae</span> <span class='ocrx_word' id='word_1_148' title='bbox 811 2333 1036 2412; x_wconf 83' lang='lat' dir='ltr'>differentiales</span> <span class='ocrx_word' id='word_1_149' title='bbox 1056 2342 1198 2410; x_wconf 80' lang='lat' dir='ltr'>inventas</span> <span class='ocrx_word' id='word_1_150' title='bbox 1220 2345 1392 2440; x_wconf 85' lang='lat' dir='ltr'>integrare·</span> 
     </span>
    </p>
   </div>
   <div class='ocr_carea' id='block_1_7' title="bbox 44 2417 1399 2542">
    <p class='ocr_par' dir='ltr' id='par_1_9' title="bbox 44 2417 1399 2542">
     <span class='ocr_line' id='line_1_19' title="bbox 44 2417 1399 2542; baseline 0.001 -28"><span class='ocrx_word' id='word_1_151' title='bbox 44 2451 136 2530; x_wconf 80' lang='lat' dir='ltr'>tirus3</span> <span class='ocrx_word' id='word_1_152' title='bbox 158 2460 256 2542; x_wconf 90' lang='lat' dir='ltr'>atque</span> <span class='ocrx_word' id='word_1_153' title='bbox 276 2443 320 2514; x_wconf 92' lang='lat' dir='ltr'>ob</span> <span class='ocrx_word' id='word_1_154' title='bbox 340 2443 424 2515; x_wconf 87' lang='lat' dir='ltr'>hanc</span> <span class='ocrx_word' id='word_1_155' title='bbox 445 2435 544 2542; x_wconf 82' lang='lat' dir='ltr'>ipsam</span> <span class='ocrx_word' id='word_1_156' title='bbox 566 2435 691 2514; x_wconf 82' lang='lat' dir='ltr'>causam</span> <span class='ocrx_word' id='word_1_157' title='bbox 710 2437 806 2512; x_wconf 84' lang='lat' dir='ltr'>isium</span> <span class='ocrx_word' id='word_1_158' title='bbox 829 2437 973 2510; x_wconf 85' lang='lat' dir='ltr'>laborem</span> <span class='ocrx_word' id='word_1_159' title='bbox 993 2417 1148 2536; x_wconf 82' lang='lat' dir='ltr'>suscipere</span> <span class='ocrx_word' id='word_1_160' title='bbox 1166 2443 1252 2512; x_wconf 88' lang='lat' dir='ltr'>haud</span> <span class='ocrx_word' id='word_1_161' title='bbox 1272 2449 1399 2541; x_wconf 87' lang='lat' dir='ltr'>operae&#39;</span> 
     </span>
    </p>
   </div>
   <div class='ocr_carea' id='block_1_8' title="bbox 55 899 1406 1037">
    <p class='ocr_par' dir='ltr' id='par_1_10' title="bbox 55 899 1406 1037">
     <span class='ocr_line' id='line_1_20' title="bbox 55 899 1406 1037; baseline -0.004 -45"><span class='ocrx_word' id='word_1_162' title='bbox 55 910 139 992; x_wconf 83' lang='lat' dir='ltr'>Esset</span> <span class='ocrx_word' id='word_1_163' title='bbox 150 899 282 1018; x_wconf 83' lang='lat' dir='ltr'>quidem</span> <span class='ocrx_word' id='word_1_164' title='bbox 297 911 375 983; x_wconf 87' lang='lat' dir='ltr'>haee</span> <span class='ocrx_word' id='word_1_165' title='bbox 390 909 532 985; x_wconf 86' lang='lat' dir='ltr'>celeritas</span> <span class='ocrx_word' id='word_1_166' title='bbox 546 945 584 984; x_wconf 68' lang='grc' dir='ltr'><em>ε</em></span> <span class='ocrx_word' id='word_1_167' title='bbox 858 969 869 999; x_wconf 91' lang='grc'><strong>,</strong></span> <span class='ocrx_word' id='word_1_168' title='bbox 895 917 1016 1014; x_wconf 89' lang='lat' dir='ltr'>quippe</span> <span class='ocrx_word' id='word_1_169' title='bbox 1034 917 1086 1037; x_wconf 70' lang='lat' dir='ltr'>cui</span> <span class='ocrx_word' id='word_1_170' title='bbox 1104 917 1244 986; x_wconf 87' lang='lat' dir='ltr'>maxima</span> <span class='ocrx_word' id='word_1_171' title='bbox 1265 913 1406 1018; x_wconf 44' lang='lat' dir='ltr'>inclinas</span> 
     </span>
    </p>
   </div>
   <div class='ocr_carea' id='block_1_9' title="bbox 42 2537 1397 2711">
    <p class='ocr_par' dir='ltr' id='par_1_11' title="bbox 42 2537 1397 2711">
     <span class='ocr_line' id='line_1_21' title="bbox 42 2537 1397 2711; baseline 0.001 -97"><span class='ocrx_word' id='word_1_172' title='bbox 42 2537 117 2615; x_wconf 83' lang='lat' dir='ltr'>esset</span> <span class='ocrx_word' id='word_1_173' title='bbox 131 2549 287 2711; x_wconf 71' lang='lat' dir='ltr'>pretium,</span> <span class='ocrx_word' id='word_1_174' title='bbox 313 2565 390 2615; x_wconf 89' lang='lat' dir='ltr'>cum</span> <span class='ocrx_word' id='word_1_175' title='bbox 403 2567 459 2616; x_wconf 84' lang='lat' dir='ltr'>eae</span> <span class='ocrx_word' id='word_1_176' title='bbox 473 2563 538 2613; x_wconf 88' lang='lat' dir='ltr'>tarn</span> <span class='ocrx_word' id='word_1_177' title='bbox 555 2539 615 2614; x_wconf 79' lang='lat' dir='ltr'>snt</span> <span class='ocrx_word' id='word_1_178' title='bbox 633 2541 862 2637; x_wconf 75' lang='lat' dir='ltr'>complicatae,</span> <span class='ocrx_word' id='word_1_179' title='bbox 885 2560 922 2610; x_wconf 90' lang='lat' dir='ltr'>ut</span> <span class='ocrx_word' id='word_1_180' title='bbox 942 2564 1000 2638; x_wconf 87' lang='lat' dir='ltr'>per</span> <span class='ocrx_word' id='word_1_181' title='bbox 1018 2537 1232 2638; x_wconf 82' lang='lat' dir='ltr'>sogaritiimos</span> <span class='ocrx_word' id='word_1_182' title='bbox 1248 2563 1282 2614; x_wconf 87' lang='lat' dir='ltr'>et</span> <span class='ocrx_word' id='word_1_183' title='bbox 1301 2549 1397 2616; x_wconf 72' lang='lat' dir='ltr'>arctis*</span> 
     </span>
    </p>
   </div>
   <div class='ocr_carea' id='block_1_10' title="bbox 23 2638 1512 3953">
    <p class='ocr_par' dir='ltr' id='par_1_12' title="bbox 23 2638 1512 3953">
     <span class='ocr_line' id='line_1_22' title="bbox 40 2638 1421 2742; baseline 0.004 -28"><span class='ocrx_word' id='word_1_184' title='bbox 40 2647 128 2714; x_wconf 86' lang='lat' dir='ltr'>circtt</span> <span class='ocrx_word' id='word_1_185' title='bbox 161 2665 213 2714; x_wconf 85' lang='lat' dir='ltr'>ret</span> <span class='ocrx_word' id='word_1_186' title='bbox 232 2638 372 2740; x_wconf 84' lang='lat' dir='ltr'>expediri</span> <span class='ocrx_word' id='word_1_187' title='bbox 392 2651 562 2742; x_wconf 82' lang='lat' dir='ltr'>nequeant.</span> <span class='ocrx_word' id='word_1_188' title='bbox 627 2645 695 2714; x_wconf 84' lang='lat' dir='ltr'>Eae</span> <span class='ocrx_word' id='word_1_189' title='bbox 713 2651 820 2713; x_wconf 87' lang='lat' dir='ltr'>autc&#39;m</span> <span class='ocrx_word' id='word_1_190' title='bbox 843 2639 948 2712; x_wconf 87' lang='lat' dir='ltr'>adhuc</span> <span class='ocrx_word' id='word_1_191' title='bbox 969 2645 1072 2742; x_wconf 77' lang='lat' dir='ltr'>magia</span> <span class='ocrx_word' id='word_1_192' title='bbox 1092 2640 1273 2740; x_wconf 72' lang='lat' dir='ltr'>proditt&#39;trae</span> <span class='ocrx_word' id='word_1_193' title='bbox 1291 2639 1421 2718; x_wconf 78' lang='lat' dir='ltr'>effenr&#39;</span> 
     </span>
     <span class='ocr_line' id='line_1_23' title="bbox 39 2739 1389 2842; baseline 0.002 -28"><span class='ocrx_word' id='word_1_194' title='bbox 39 2747 222 2830; x_wconf 85' lang='lat' dir='ltr'>intricatae,</span> <span class='ocrx_word' id='word_1_195' title='bbox 247 2739 318 2816; x_wconf 89' lang='lat' dir='ltr'>stin</span> <span class='ocrx_word' id='word_1_196' title='bbox 330 2740 455 2815; x_wconf 86' lang='lat' dir='ltr'>turbine</span> <span class='ocrx_word' id='word_1_197' title='bbox 466 2768 535 2814; x_wconf 92' lang='lat' dir='ltr'>non</span> <span class='ocrx_word' id='word_1_198' title='bbox 549 2747 661 2814; x_wconf 85' lang='lat' dir='ltr'>omnia</span> <span class='ocrx_word' id='word_1_199' title='bbox 681 2761 850 2814; x_wconf 87' lang='lat' dir='ltr'>momenta</span> <span class='ocrx_word' id='word_1_200' title='bbox 869 2739 999 2816; x_wconf 74' lang='lat' dir='ltr'>inertiae</span> <span class='ocrx_word' id='word_1_201' title='bbox 1017 2747 1100 2813; x_wconf 84' lang='lat' dir='ltr'>inter</span> <span class='ocrx_word' id='word_1_202' title='bbox 1118 2739 1149 2816; x_wconf 88' lang='lat' dir='ltr'>se</span> <span class='ocrx_word' id='word_1_203' title='bbox 1166 2745 1311 2842; x_wconf 83' lang='lat' dir='ltr'>aequalia</span> <span class='ocrx_word' id='word_1_204' title='bbox 1330 2745 1389 2818; x_wconf 83' lang='lat' dir='ltr'>ssa·</span> 
     </span>
     <span class='ocr_line' id='line_1_24' title="bbox 23 2846 1512 2945; baseline 0.005 -30"><span class='ocrx_word' id='word_1_205' title='bbox 23 2861 222 2927; x_wconf 66' lang='lat' dir='ltr'>tuerentur,</span> <span class='ocrx_word' id='word_1_206' title='bbox 248 2847 396 2942; x_wconf 83' lang='lat' dir='ltr'>quocirca</span> <span class='ocrx_word' id='word_1_207' title='bbox 416 2848 511 2916; x_wconf 85' lang='lat' dir='ltr'>etiam</span> <span class='ocrx_word' id='word_1_208' title='bbox 525 2846 636 2916; x_wconf 87' lang='lat' dir='ltr'>hocat</span> <span class='ocrx_word' id='word_1_209' title='bbox 660 2863 830 2917; x_wconf 88' lang='lat' dir='ltr'>umentnm</span> <span class='ocrx_word' id='word_1_210' title='bbox 847 2867 916 2914; x_wconf 91' lang='lat' dir='ltr'>non</span> <span class='ocrx_word' id='word_1_211' title='bbox 929 2847 1004 2914; x_wconf 90' lang='lat' dir='ltr'>attin</span> <span class='ocrx_word' id='word_1_212' title='bbox 1030 2869 1103 2939; x_wconf 87' lang='lat' dir='ltr'>am,</span> <span class='ocrx_word' id='word_1_213' title='bbox 1129 2852 1286 2944; x_wconf 77' lang='lat' dir='ltr'>qnoniam</span> <span class='ocrx_word' id='word_1_214' title='bbox 1301 2853 1390 2945; x_wconf 88' lang='lat' dir='ltr'>prin·</span> <span class='ocrx_word' id='word_1_215' title='bbox 1413 2881 1420 2892; x_wconf 74' lang='lat'>=</span> <span class='ocrx_word' id='word_1_216' title='bbox 1507 2914 1512 2922; x_wconf 83' lang='lat'><em>,</em></span> 
     </span>
     <span class='ocr_line' id='line_1_25' title="bbox 42 2868 1447 3044; baseline 0.002 -28"><span class='ocrx_word' id='word_1_217' title='bbox 42 2949 119 3043; x_wconf 88' lang='lat' dir='ltr'>eipia</span> <span class='ocrx_word' id='word_1_218' title='bbox 134 2942 266 3017; x_wconf 83' lang='lat' dir='ltr'>siabisita</span> <span class='ocrx_word' id='word_1_219' title='bbox 279 2949 329 3016; x_wconf 87' lang='lat' dir='ltr'>hit</span> <span class='ocrx_word' id='word_1_220' title='bbox 350 2943 449 3017; x_wconf 84' lang='lat' dir='ltr'>assatis</span> <span class='ocrx_word' id='word_1_221' title='bbox 461 2943 618 3044; x_wconf 82' lang='lat' dir='ltr'>exemplis</span> <span class='ocrx_word' id='word_1_222' title='bbox 635 2869 707 3018; x_wconf 71' lang='lat' dir='ltr'>satit</span> <span class='ocrx_word' id='word_1_223' title='bbox 720 2940 792 3018; x_wconf 86' lang='lat' dir='ltr'>sunt</span> <span class='ocrx_word' id='word_1_224' title='bbox 809 2941 973 3019; x_wconf 76' lang='lat' dir='ltr'>illustrata:</span> <span class='ocrx_word' id='word_1_225' title='bbox 1004 2868 1057 3016; x_wconf 79' lang='lat' dir='ltr'>sed</span> <span class='ocrx_word' id='word_1_226' title='bbox 1077 2951 1184 3044; x_wconf 83' lang='lat' dir='ltr'>potius</span> <span class='ocrx_word' id='word_1_227' title='bbox 1204 2947 1388 3020; x_wconf 86' lang='lat' dir='ltr'>uberiorem</span> <span class='ocrx_word' id='word_1_228' title='bbox 1446 3039 1447 3042; x_wconf 8' lang='grc' dir='ltr'><strong>Ἴ</strong></span> 
     </span>
     <span class='ocr_line' id='line_1_26' title="bbox 42 3042 1395 3146; baseline 0.006 -32"><span class='ocrx_word' id='word_1_229' title='bbox 42 3043 136 3144; x_wconf 82' lang='lat' dir='ltr'>ipsius</span> <span class='ocrx_word' id='word_1_230' title='bbox 154 3046 323 3118; x_wconf 83' lang='lat' dir='ltr'>Theoriae</span> <span class='ocrx_word' id='word_1_231' title='bbox 343 3042 382 3118; x_wconf 90' lang='lat' dir='ltr'>de</span> <span class='ocrx_word' id='word_1_232' title='bbox 401 3067 494 3120; x_wconf 90' lang='lat' dir='ltr'>motu</span> <span class='ocrx_word' id='word_1_233' title='bbox 518 3071 694 3146; x_wconf 86' lang='lat' dir='ltr'>corporum</span> <span class='ocrx_word' id='word_1_234' title='bbox 722 3045 901 3146; x_wconf 81' lang='lat' dir='ltr'>rigidorum</span> <span class='ocrx_word' id='word_1_235' title='bbox 920 3044 1167 3142; x_wconf 76' lang='lat' dir='ltr'>explicationem</span> <span class='ocrx_word' id='word_1_236' title='bbox 1189 3050 1222 3116; x_wconf 91' lang='lat' dir='ltr'>in</span> <span class='ocrx_word' id='word_1_237' title='bbox 1241 3047 1395 3123; x_wconf 79' lang='lat' dir='ltr'>medium</span> 
     </span>
     <span class='ocr_line' id='line_1_27' title="bbox 41 3141 1392 3248; baseline 0.005 -31"><span class='ocrx_word' id='word_1_238' title='bbox 41 3141 152 3220; x_wconf 86' lang='lat' dir='ltr'>afferte</span> <span class='ocrx_word' id='word_1_239' title='bbox 166 3145 310 3221; x_wconf 78' lang='lat' dir='ltr'>studebo.</span> <span class='ocrx_word' id='word_1_240' title='bbox 361 3145 429 3218; x_wconf 88' lang='lat' dir='ltr'>Etsr</span> <span class='ocrx_word' id='word_1_241' title='bbox 442 3151 550 3228; x_wconf 86' lang='lat' dir='ltr'>enim,</span> <span class='ocrx_word' id='word_1_242' title='bbox 571 3171 653 3248; x_wconf 84' lang='lat' dir='ltr'>qnae</span> <span class='ocrx_word' id='word_1_243' title='bbox 672 3149 826 3222; x_wconf 68' lang='lat' dir='ltr'>naucum</span> <span class='ocrx_word' id='word_1_244' title='bbox 847 3143 919 3217; x_wconf 85' lang='lat' dir='ltr'>sum</span> <span class='ocrx_word' id='word_1_245' title='bbox 940 3143 1070 3239; x_wconf 86' lang='lat' dir='ltr'>tradita,</span> <span class='ocrx_word' id='word_1_246' title='bbox 1101 3165 1207 3244; x_wconf 89' lang='lat' dir='ltr'>totum</span> <span class='ocrx_word' id='word_1_247' title='bbox 1229 3153 1313 3248; x_wconf 81' lang='lat' dir='ltr'>opus</span> <span class='ocrx_word' id='word_1_248' title='bbox 1331 3151 1392 3223; x_wconf 65' lang='lat' dir='ltr'>abi</span> 
     </span>
     <span class='ocr_line' id='line_1_28' title="bbox 43 3242 1389 3348; baseline 0.008 -31"><span class='ocrx_word' id='word_1_249' title='bbox 43 3242 160 3320; x_wconf 84' lang='lat' dir='ltr'>soluere</span> <span class='ocrx_word' id='word_1_250' title='bbox 179 3246 351 3330; x_wconf 78' lang='lat' dir='ltr'>videntur,</span> <span class='ocrx_word' id='word_1_251' title='bbox 389 3267 497 3321; x_wconf 88' lang='lat' dir='ltr'>tamen</span> <span class='ocrx_word' id='word_1_252' title='bbox 520 3247 543 3319; x_wconf 89' lang='lat' dir='ltr'>sr</span> <span class='ocrx_word' id='word_1_253' title='bbox 565 3245 639 3319; x_wconf 90' lang='lat' dir='ltr'>inde</span> <span class='ocrx_word' id='word_1_254' title='bbox 659 3243 811 3321; x_wconf 70' lang='lat' dir='ltr'>effessum</span> <span class='ocrx_word' id='word_1_255' title='bbox 828 3252 944 3320; x_wconf 88' lang='lat' dir='ltr'>virium</span> <span class='ocrx_word' id='word_1_256' title='bbox 957 3255 1234 3348; x_wconf 69' lang='lat' dir='ltr'>&#39;quarumcunque‘</span> <span class='ocrx_word' id='word_1_257' title='bbox 1252 3247 1389 3328; x_wconf 76' lang='lat' dir='ltr'>definire</span> 
     </span>
     <span class='ocr_line' id='line_1_29' title="bbox 41 3343 1388 3519; baseline 0.005 -102"><span class='ocrx_word' id='word_1_258' title='bbox 41 3347 186 3435; x_wconf 73' lang='lat' dir='ltr'>velimus,</span> <span class='ocrx_word' id='word_1_259' title='bbox 213 3347 388 3422; x_wconf 84' lang='lat' dir='ltr'>methodus</span> <span class='ocrx_word' id='word_1_260' title='bbox 400 3361 475 3422; x_wconf 85' lang='lat' dir='ltr'>anie</span> <span class='ocrx_word' id='word_1_261' title='bbox 490 3343 674 3519; x_wconf 87' lang='lat' dir='ltr'>praescripta</span> <span class='ocrx_word' id='word_1_262' title='bbox 695 3353 793 3422; x_wconf 87' lang='lat' dir='ltr'>nimis</span> <span class='ocrx_word' id='word_1_263' title='bbox 813 3347 858 3422; x_wconf 85' lang='lat' dir='ltr'>eii</span> <span class='ocrx_word' id='word_1_264' title='bbox 877 3343 1029 3447; x_wconf 85' lang='lat' dir='ltr'>operosa3</span> <span class='ocrx_word' id='word_1_265' title='bbox 1053 3347 1132 3420; x_wconf 90' lang='lat' dir='ltr'>dnm</span> <span class='ocrx_word' id='word_1_266' title='bbox 1154 3355 1262 3448; x_wconf 86' lang='lat' dir='ltr'>primo</span> <span class='ocrx_word' id='word_1_267' title='bbox 1280 3377 1388 3438; x_wconf 85' lang='lat' dir='ltr'>axem,</span> 
     </span>
     <span class='ocr_line' id='line_1_30' title="bbox 41 3449 1387 3550; baseline 0.005 -30"><span class='ocrx_word' id='word_1_268' title='bbox 41 3452 119 3522; x_wconf 87' lang='lat' dir='ltr'>circa</span> <span class='ocrx_word' id='word_1_269' title='bbox 132 3475 233 3550; x_wconf 77' lang='lat' dir='ltr'>quem</span> <span class='ocrx_word' id='word_1_270' title='bbox 247 3455 477 3549; x_wconf 82' lang='lat' dir='ltr'>vires&#39;corpns,</span> <span class='ocrx_word' id='word_1_271' title='bbox 503 3449 525 3521; x_wconf 86' lang='lat' dir='ltr'>st</span> <span class='ocrx_word' id='word_1_272' title='bbox 541 3454 731 3550; x_wconf 75' lang='lat' dir='ltr'>quieceret,</span> <span class='ocrx_word' id='word_1_273' title='bbox 756 3469 941 3523; x_wconf 83' lang='lat' dir='ltr'>convertere</span> <span class='ocrx_word' id='word_1_274' title='bbox 955 3453 1131 3546; x_wconf 87' lang='lat' dir='ltr'>inciperent</span> <span class='ocrx_word' id='word_1_275' title='bbox 1142 3451 1288 3537; x_wconf 86' lang='lat' dir='ltr'>definiri,</span> <span class='ocrx_word' id='word_1_276' title='bbox 1312 3477 1387 3528; x_wconf 88' lang='lat' dir='ltr'>turn</span> 
     </span>
     <span class='ocr_line' id='line_1_31' title="bbox 40 3545 1400 3650; baseline 0.007 -30"><span class='ocrx_word' id='word_1_277' title='bbox 40 3573 114 3627; x_wconf 80' lang='lat' dir='ltr'>xero</span> <span class='ocrx_word' id='word_1_278' title='bbox 128 3545 429 3640; x_wconf 82' lang='lat' dir='ltr'>hincaaaiationern</span> <span class='ocrx_word' id='word_1_279' title='bbox 451 3555 535 3632; x_wconf 83' lang='lat' dir='ltr'>exit,</span> <span class='ocrx_word' id='word_1_280' title='bbox 558 3556 638 3623; x_wconf 90' lang='lat' dir='ltr'>circa</span> <span class='ocrx_word' id='word_1_281' title='bbox 654 3577 752 3650; x_wconf 88' lang='lat' dir='ltr'>quem</span> <span class='ocrx_word' id='word_1_282' title='bbox 768 3575 884 3649; x_wconf 81' lang='lat' dir='ltr'>corpur</span> <span class='ocrx_word' id='word_1_283' title='bbox 902 3549 974 3621; x_wconf 79' lang='lat' dir='ltr'>artu</span> <span class='ocrx_word' id='word_1_284' title='bbox 993 3569 1144 3648; x_wconf 86' lang='lat' dir='ltr'>gyratur,</span> <span class='ocrx_word' id='word_1_285' title='bbox 1171 3573 1202 3624; x_wconf 89' lang='lat' dir='ltr'>et</span> <span class='ocrx_word' id='word_1_286' title='bbox 1220 3553 1400 3630; x_wconf 68' lang='lat' dir='ltr'>celeritatis-</span> 
     </span>
     <span class='ocr_line' id='line_1_32' title="bbox 41 3646 1392 3756; baseline 0.005 -36"><span class='ocrx_word' id='word_1_287' title='bbox 41 3653 198 3750; x_wconf 83' lang='lat' dir='ltr'>angusnris</span> <span class='ocrx_word' id='word_1_288' title='bbox 214 3646 579 3752; x_wconf 76' lang='lat' dir='ltr'>determinatio&#39;portett</span> <span class='ocrx_word' id='word_1_289' title='bbox 611 3677 649 3724; x_wconf 88' lang='lat' dir='ltr'>ex</span> <span class='ocrx_word' id='word_1_290' title='bbox 668 3677 736 3754; x_wconf 86' lang='lat' dir='ltr'>qno</span> <span class='ocrx_word' id='word_1_291' title='bbox 759 3650 957 3728; x_wconf 75' lang='lat' dir='ltr'>methodum</span> <span class='ocrx_word' id='word_1_292' title='bbox 974 3649 1198 3752; x_wconf 65' lang='lat' dir='ltr'>persesiiotem</span> <span class='ocrx_word' id='word_1_293' title='bbox 1219 3661 1392 3756; x_wconf 79' lang='lat' dir='ltr'>magisque</span> 
     </span>
     <span class='ocr_line' id='line_1_33' title="bbox 41 3747 1389 3928; baseline 0.008 -105"><span class='ocrx_word' id='word_1_294' title='bbox 41 3753 80 3824; x_wconf 86' lang='lat' dir='ltr'>ad</span> <span class='ocrx_word' id='word_1_295' title='bbox 100 3747 494 3928; x_wconf 63' lang='lat' dir='ltr'>:sqrn&#39;accoqtmodatam</span> <span class='ocrx_word' id='word_1_296' title='bbox 514 3777 718 3856; x_wconf 88' lang='lat' dir='ltr'>proponam,</span> <span class='ocrx_word' id='word_1_297' title='bbox 743 3779 807 3855; x_wconf 87' lang='lat' dir='ltr'>qua</span> <span class='ocrx_word' id='word_1_298' title='bbox 825 3749 973 3852; x_wconf 77' lang='lat' dir='ltr'>deinceps</span> <span class='ocrx_word' id='word_1_299' title='bbox 987 3750 1028 3827; x_wconf 88' lang='lat' dir='ltr'>ad</span> <span class='ocrx_word' id='word_1_300' title='bbox 1039 3751 1298 3854; x_wconf 80' lang='lat' dir='ltr'>investigatioaea</span> <span class='ocrx_word' id='word_1_301' title='bbox 1316 3783 1389 3834; x_wconf 83' lang='lat' dir='ltr'>taa-</span> 
     </span>
     <span class='ocr_line' id='line_1_34' title="bbox 41 3851 1387 3953; baseline 0.01 -30"><span class='ocrx_word' id='word_1_302' title='bbox 41 3857 89 3953; x_wconf 79' lang='lat' dir='ltr'>gie</span> <span class='ocrx_word' id='word_1_303' title='bbox 156 3881 212 3930; x_wconf 81' lang='lat' dir='ltr'>uas</span> <span class='ocrx_word' id='word_1_304' title='bbox 228 3861 274 3929; x_wconf 90' lang='lat' dir='ltr'>uti</span> <span class='ocrx_word' id='word_1_305' title='bbox 310 3861 398 3934; x_wconf 65' lang='lat' dir='ltr'>&#39;aean</span> <span class='ocrx_word' id='word_1_306' title='bbox 880 3859 887 3891; x_wconf 67' lang='lat'>³</span> <span class='ocrx_word' id='word_1_307' title='bbox 1373 3851 1387 3860; x_wconf 53' lang='lat'><em>⁶</em></span> 
     </span>
    </p>
   </div>
   <div class='ocr_carea' id='block_1_11' title="bbox 0 0 1900 5020">
    <p class='ocr_par' dir='ltr' id='par_1_13' title="bbox 0 0 1900 5020">
     <span class='ocr_line' id='line_1_35' title="bbox 0 0 1900 5020; baseline 0 7"><span class='ocrx_word' id='word_1_308' title='bbox 0 0 1900 5020; x_wconf 95' lang='lat' dir='ltr'> </span> 
     </span>
    </p>
   </div>
  </div>
 </body>
</html>
