3872 5012
679 218 742 360 .“
837 359 844 383 ,
938 263 1391 394 pererrato·
1519 211 1524 216 ⁵

473 487 660 578 inertiae.
723 474 962 569 Similitudo
981 479 1194 592 utriusque
1215 473 1420 562 formulae
1439 499 1492 560 eo
1511 472 1569 564 est
1593 473 1826 593 perfetlim

476 636 591 754 quod
604 623 797 746 utrinque
812 655 886 742 per
901 625 1154 714 elementum
1168 627 1368 740 temporis
1378 621 1424 712 dr
1437 645 1480 709 et
1501 623 1670 741 duplam
1689 625 1827 713 altitu·

381 752 385 776 ¹
475 786 693 893 dinem-ng
710 775 972 894 multiplicari
993 793 1203 890 oporteat,
1238 794 1286 860 ut
1304 761 1433 889 ipsum
1452 771 1673 862 celeritatis
1692 779 1827 862 incre-

475 955 663 1023 mentum
678 929 950 1042 exprimatur.
1010 924 1080 1010 Ad
1094 944 1257 1009 motum
1271 925 1395 1036 igitur
1406 901 1663 1037 gyratorium
1683 921 1830 1012 defini·

475 1081 631 1168 endum
647 1071 1238 1194 praeomnibusnolleoportet
1250 1091 1510 1158 momentum
1524 1069 1833 1190 inertiaerelpe-

456 1231 546 1318 tiu
560 1229 654 1316 axis
669 1225 906 1340 gyrationis
944 1220 1067 1314 Pater
1088 1193 1242 1328 autem,
1262 1218 1518 1336 compositio
1531 1225 1626 1310 axis
1645 1225 1829 1337 gyrutio·

358 1382 385 1497 j
475 1382 541 1470 nis
555 1345 734 1492 respellu
747 1374 933 1486 corporis
947 1371 989 1454 in
1004 1369 1209 1484 inlinimm
1224 1371 1373 1456 uariari
1387 1367 1515 1484 pollrt,
1530 1368 1719 1484 ejusdem
1733 1399 1828 1457 cor·

475 1529 589 1644 poris
602 1522 760 1610 infinita
773 1517 931 1608 diverla
946 1514 1036 1602 dari
1053 1537 1266 1602 momenta
1275 1518 1462 1623 inertiae,
1490 1537 1614 1630 prout
1628 1517 1680 1605 ad
1696 1515 1828 1608 alium

477 1695 604 1790 atque
618 1667 745 1758 alium
758 1664 1113 1774 axemreleratur,
1128 1663 1282 1750 ntideo
1299 1662 1420 1776 hujus
1433 1669 1634 1752 momenti
1653 1669 1828 1754 inertiae

474 1819 732 1936 investigatio
747 1845 854 1934 opus
868 1814 1056 1901 maxime
1071 1808 1317 1900 laboriosum
1332 1807 1410 1898 elle
1425 1812 1629 1900 videatur.
1665 1813 1742 1902 Ast
1752 1843 1827 1904 ve-

474 1999 525 2060 ro
541 1989 909 2064 onomatica-on
922 1959 1118 2077 peculiari
1131 1962 1259 2048 utitur
1268 1959 1461 2070 artificio,
1493 1964 1612 2073 cujus
1633 1990 1714 2080 ope
1733 1960 1827 2052 latis

398 2165 401 2173 2
475 2117 681 2206 concinna
696 2107 895 2230 methodo
908 2110 1146 2225 proquovls
1163 2135 1339 2234 corpore
1355 2133 1397 2196 et
1411 2136 1488 2224 pro
1501 2109 1600 2195 dato
1614 2111 1656 2196 in
1674 2109 1827 2199 eodem

478 2293 564 2354 axe
577 2243 839 2378 momentum
854 2259 1026 2344 inertiae
1038 2253 1219 2371 respectu
1234 2255 1340 2342 illius
1363 2259 1458 2344 axis
1478 2257 1673 2373 indagari,
1685 2259 1829 2376 potest.

388 2501 391 2510 .
471 2377 620 2514 Fufius
634 2409 737 2496 haec
751 2389 1827 2522 omniaexplicanturinCap.V.ubiillumaximeno-

425 2575 434 2586 ’
476 2579 569 2648 tatu
584 2557 708 2673 digna
722 2556 953 2674 proprietas
974 2579 1199 2667 corporum
1213 2549 1550 2680 demonstratum·
1566 2556 1826 2670 dariinquo-
1932 2579 1933 2586 ‘

364 2699 369 2710 ”
474 2710 541 2800 vis
556 2733 733 2821 corpore
747 2723 832 2790 tres
848 2731 965 2809 axes,
987 2727 1167 2816 quorum
1182 2697 1361 2814 respettu
1375 2723 1639 2790 momentum
1652 2705 1825 2792 inertiae

476 2857 523 2946 lit
536 2853 607 2946 vel
618 2849 936 2942 maximumvel
949 2851 1181 2952 minimum,
1201 2844 1362 2964 hosque
1376 2877 1481 2936 axes
1496 2847 1573 2935 lele
1585 2854 1765 2942 invicem
1780 2857 1826 2942 in

473 3024 620 3091 centro
633 3004 803 3088 inertiae
818 2997 872 3085 ad
886 2992 1060 3111 angulos
1075 2977 1211 3082 cellos
1224 2977 1372 3107 leuare,
1406 2998 1525 3084 itaut
1543 3000 1682 3112 quivis
1698 2999 1824 3116 plano

475 3149 657 3238 duorum
670 3145 927 3264 reliquorum
941 3144 987 3230 fit
999 3140 1361 3257 perpendicularis.
1406 3144 1478 3232 Ob
1494 3146 1695 3262 ,insignem
1715 3147 1824 3248 hanc

473 3297 774 3416 proprietatem
793 3313 879 3378 tres
893 3287 985 3377 illos
1006 3317 1110 3376 axes
1128 3288 1366 3405 principales
1384 3313 1511 3380 vocat
1548 3320 1699 3382 coare.
1732 3321 1825 3384 nu·

475 3472 632 3555 cnon,
661 3463 785 3557 atque
799 3459 890 3525 tum
904 3434 1088 3552 explicat
1103 3435 1288 3548 modum,
1318 3438 1533 3554 quomodo
1553 3467 1612 3528 ex
1632 3471 1824 3532 momen-

422 3608 435 3626 ⁸
473 3595 528 3682 tis
545 3593 716 3680 inertiae
729 3584 911 3705 respectu
924 3579 1050 3672 trium
1072 3587 1218 3672 axium
1239 3585 1526 3701 principalium
1547 3589 1704 3706 absque
1722 3619 1823 3707 pro-

472 3739 565 3830 lixo
577 3735 739 3826 calculo
752 3751 1014 3824 momentum
1033 3735 1204 3820 inertiae
1223 3734 1415 3846 ejusdem
1432 3739 1618 3851 corporis
1637 3737 1824 3854 refpeilu

476 3887 582 3976 alius
596 3887 880 4000 cujuscunque
894 3885 989 3972 axis
1002 3883 1174 3997 perejus
1183 3902 1373 3970 centrum
1387 3884 1558 3970 inertiae
1566 3881 1827 3996 transetum,

471 4009 650 4151 hincque
664 4061 790 4150 porro
804 4058 971 4148 quoque
985 4027 1167 4146 relpetlu
1182 4025 1359 4114 aliorum
1372 4033 1560 4118 omnium
1581 4030 1638 4118 illi
1650 4030 1827 4148 parallef
1931 4099 1933 4156 ÷

469 4181 611 4276 lorum
633 4180 821 4300 allignari
848 4175 977 4297 pellit.
1061 4157 1244 4293 Hocque
1263 4172 1395 4266 modo
1413 4179 1598 4269 inventio
1617 4185 1826 4270 momenti

1708 4355 1822 4424 mer-
