3760 5016
502 333 585 456 ³9⁶
640 327 840 424 osrur
862 325 1003 425 xuu
1030 326 1297 424 nuenton
1320 265 1766 438 nxrurcurtous.

506 532 761 632 contemplatus,
806 557 888 632 quas
912 525 1041 634 cuspide
1070 524 1165 632 super
1193 529 1293 632 plano
1324 527 1697 620 horizontsliincedunt,
1730 541 1761 608 iu
1779 559 1803 614 nt

347 664 354 674 ·
505 631 662 736 eulpis'llt
675 633 762 735 quali
776 633 855 708 basus
871 658 987 706 eorum
1001 629 1175 715 censenda,
1213 637 1271 706 bie
1287 632 1327 704 nd
1343 634 1403 705 alia
1423 657 1600 729 corporum
1620 638 1804 729 generaduei·

508 764 594 827 mur,
620 764 702 838 quae
716 733 778 808 hali
792 761 983 836 quacunque
994 731 1087 834 luper
1106 733 1204 834 plano
1215 737 1375 810 incedant.
1427 745 1474 807 hc
1488 735 1527 806 de
1550 732 1613 808 bah
1631 735 1745 834 quidem
1762 739 1805 838 ph.

506 866 548 917 ιιι
563 839 612 912 vel
628 831 781 936 angulosa
794 843 845 908 vix
858 840 1031 938 quicquam
1045 831 1181 934 proferri
1204 835 1307 936 potell
1325 841 1500 908 attentione
1519 835 1670 934 dignum,
1704 839 1805 910 crunni

508 940 616 1016 nullus
631 961 741 1012 motus
756 945 936 1038 gyratoriua
949 937 1059 1010 locum
1071 943 1230 1023 inveniat,
1253 937 1392 1038 ideoque
1407 957 1522 1008 motus
1535 936 1742 1012 determinatio
1753 939 1804 1014 nibil

508 1041 622 1118 habeat
640 1037 855 1136 difficultatis,
882 1035 935 1111 vel
947 1034 1060 1112 saltem
1074 1064 1131 1137 per
1151 1032 1246 1111 saltus
1288 1044 1391 1132 yratio
1407 1031 1438 1110 le
1460 1033 1653 1119 immisceat,
1675 1039 1741 1111 dum
1753 1067 1806 1112 con·

507 1143 611 1218 uetus
626 1139 665 1214 ad
683 1141 780 1214 aliam
801 1139 933 1212 hedram
955 1135 1157 1226 transfertur,
1181 1141 1243 1245 ulpi-
1258 1065 1354 1210 linui
1373 1137 1544 1211 conflidlus
1564 1135 1596 1212 le
1615 1149 1722 1238 exerit,
1746 1147 1805 1231 cujus

508 1243 677 1343 explicatio
690 1241 729 1314 ad
743 1243 838 1314 aliam
852 1243 1063 1312 Mechauicac
1076 1261 1197 1339 partem
1213 1237 1258 1314 eli
1269 1235 1444 1314 referenda.
1494 1244 1562 1314 Hic
1581 1246 1673 1338 igitur
1689 1240 1805 1334 ejusmodi

507 1363 634 1420 tantum
649 1340 745 1429 bases,
770 1343 886 1441 quibus
899 1365 1034 1440 corpora
1048 1335 1142 1440 super
1184 1339 1260 1414 lano
1273 1340 1435 1415 immobili
1449 1339 1616 1434 incedant,
1640 1343 1803 1442 contemplari

507 1448 675 1531 convenit,
700 1469 784 1544 quae
795 1463 960 1514 curvatura
975 1447 1128 1514 continua
1149 1368 1210 1516 dut
1229 1441 1406 1542 praeditae,
1432 1468 1474 1514 ne
1492 1441 1578 1513 ullus
1598 1437 1685 1517 saltem
1702 1452 1729 1515 in
1741 1463 1803 1516 motu
1831 1503 1832 1524 ,

352 1589 357 1600 1
509 1564 666 1624 occurrat.
718 1547 840 1618 Nimias
853 1565 961 1616 autem
983 1545 1152 1644 ambages,
1175 1549 1311 1644 quaein
1332 1540 1473 1626 calc'ulos
1493 1545 1713 1617 inextricabiles
1728 1544 1804 1645 perdu-

510 1665 637 1730 cerent,
679 1648 842 1731 critaturi,
885 1642 953 1718 duo
973 1665 1099 1716 tautum
1117 1647 1292 1744 corporum
1313 1669 1450 1744 genera,
1491 1643 1662 1736 cylindrica
1681 1643 1832 1718 sciliceta*

486 1799 491 1808 ·
509 1745 687 1849 sphaerica,
706 1743 906 1846 potillnnum
922 1746 1128 1829 evolvamus,
1151 1772 1295 1843 qttorum
1314 1745 1470 1816 nimirum
1493 1743 1597 1842 figura
1618 1771 1744 1834 externa,
1764 1767 1803 1843 qus

352 1887 354 1894 ι
382 1909 385 1916 .
510 1849 610 1954 plano
627 1851 842 1948 applicantur,
866 1846 903 1920 lit
922 1848 974 1920 vel
992 1845 1163 1939 cylindrica
1184 1846 1235 1920 uel
1256 1843 1433 1946 sphaerica,
1462 1844 1744 1950 quomodocunque
1757 1871 1803 1918 ott·

509 1956 587 2026 teria
606 1945 791 2024 intrinsecus
814 1944 911 2022 suerit
927 1947 1112 2033 delirihuta,
1143 1951 1233 2040 culus
1251 1952 1333 2020 ratio
1351 1971 1390 2019 ex
1410 1966 1522 2018 centro
1544 1951 1670 2023 nenne
1690 1973 1717 2023 et
1730 1947 1802 2019 axibut

509 2051 737 2156 principalibus
768 2047 1008 2127 determinatur.
1077 2051 1168 2126 Hinc
1186 2048 1226 2123 ad
1255 2074 1358 2148 genus
1378 2045 1593 2142 cylindricum
1614 2047 1802 2124 reseruntur

532 2179 535 2186 ·
554 2150 668 2235 ndula,
698 2175 781 2251 quae
799 2177 867 2224 non
886 2151 926 2224 ab
945 2177 1003 2224 aue
1021 2149 1150 2238 lineari,
1180 2169 1216 2226 ut
1236 2145 1328 2248 supra
1349 2143 1574 2240 allumlimus,
1610 2147 1678 2226 sunt
1693 2147 1800 2248 lulpula,

407 2337 410 2345 p
507 2181 704 2332 ledaxiculis
722 2249 900 2346 cylindricis
920 2259 1068 2350 utrinque
1090 2253 1187 2351 plano
1205 2249 1398 2324 horizontali
1417 2251 1616 2326 incumbant.
1663 2249 1762 2326 Deinde
1774 2267 1803 2320 et·

404 2348 408 2359 ’
509 2359 574 2428 iant
588 2356 651 2427 huc
665 2359 798 2453 pertinet
811 2371 921 2424 snotus
936 2352 1144 2426 vacillatorlus
1164 2357 1268 2424 motui
1287 2377 1441 2424 cunantm
1462 2355 1629 2450 reciproco
1647 2352 1749 2436 finilia,
1766 2375 1803 2420 nt·

510 2451 650 2548 jusmodi
670 2479 728 2527 cor
752 2477 826 2540 ora,
858 2471 1015 2556 qusatenus
1032 2449 1126 2555 super
1144 2452 1243 2556 plano
1262 2453 1473 2535 incumbunt,
1508 2471 1661 2554 tanquam
1676 2449 1803 2549 cylindrin

411 2589 413 2605 ¹
509 2552 639 2656 spedlari
659 2481 798 2655 pollllut.
874 2554 1001 2628 Deinde
1023 2560 1148 2651 etiam,
1186 2552 1359 2654 quomodo
1389 2556 1579 2644 hujusmodi
1599 2581 1721 2657 corpora
1741 2549 1804 2648 super

508 2655 609 2760 plano
629 2655 781 2730 inclinato
799 2649 1012 2738 descendant,
1053 2681 1171 2760 operae
1192 2661 1333 2756 pretium
1355 2659 1413 2728 erit
1437 2651 1576 2736 lenitati.
1644 2653 1689 2731 lid
1708 2673 1803 2752 corpor
1832 2677 1833 2714 f

534 2783 610 2830 orto
631 2753 789 2857 sphaerica
809 2753 913 2830 resero
933 2781 999 2830 ιιοιι
1018 2753 1123 2832 solum
1145 2785 1206 2844 ca,
1250 2783 1391 2858 quorum
1416 2777 1481 2829 tota
1508 2756 1611 2862 figura
1637 2758 1678 2832 cll
1702 2745 1803 2855 globoso

508 2785 562 2933 led
582 2865 678 2934 etiam
697 2881 779 2960 quae
798 2856 953 2944 inferius,
989 2859 1042 2931 ubi
1064 2858 1196 2959 planum
1216 2867 1398 2959 attingunt,
1434 2866 1469 2930 in
1488 2863 1745 2961 hemisphaerium
1758 2850 1803 2926 suut

510 2955 704 3042 etionuau,
741 2957 837 3031 veluti
858 2956 929 3031 lunt
955 2959 1116 3044 turbines,
1144 2986 1302 3060 quonum
1324 2985 1397 3033 axes
1418 2956 1497 3032 iusta
1532 2989 1603 3035 uon
1634 2969 1666 3035 in
1683 2953 1802 3058 cuspidem

457 3097 461 3102 ’
509 3057 562 3134 led
582 3059 669 3160 quali
690 3067 723 3133 iu
746 3063 1019 3160 lrcnsispbaerinnt
1040 3057 1205 3150 definnnt;
1234 3062 1289 3134 ubi
1308 3060 1440 3160 quidem
1465 3083 1612 3136 centrum
1632 3067 1745 3136 inertiae
1761 3075 1803 3126 ut·

438 3152 470 3221 Γ
532 3165 558 3233 is
578 3161 621 3234 cll
639 3161 824 3247 elevatum,
863 3187 960 3260 quam
983 3181 1128 3236 centrum
1147 3165 1396 3262 hemisphaerii,
1433 3161 1565 3263 quaudo
1585 3183 1688 3236 antem
1708 3151 1804 3260 proluu-

409 3301 413 3312 ·
508 3187 645 3334 dinarii
668 3261 785 3348 suum,
823 3259 908 3333 aliud
928 3284 1038 3336 motus
1059 3289 1161 3364 genus
1181 3267 1258 3336 oriri
1279 3261 1404 3364 potell,
1442 3291 1510 3364 quo
1529 3259 1802 3364 corpusqualltitu·

506 3361 615 3434 bando
636 3354 846 3436 oscillationes
863 3369 1006 3463 peragit,
1046 3371 1079 3438 in
1100 3387 1167 3466 quo
1194 3383 1292 3440 motu
1311 3369 1393 3440 min
1421 3386 1532 3442 motus
1549 3369 1698 3470 gyratorii
1719 3375 1804 3464 penu·

508 3463 594 3538 bario
612 3463 723 3538 locum
744 3463 859 3554 babere
877 3461 994 3565 potesta
1627 3483 1629 3490 ’
