3792 5020
60 364 65 372 ,
106 187 1190 344 .corporumbrotonuoous'nxmus
1207 247 1297 344 &er
1323 169 1432 366 αφ’
1470 165 1488 196 ”

80 441 230 536 reffimm
248 437 381 537 seorsim
399 441 688 534 conliderandnrn,
727 469 795 546 quo
817 443 1025 536 uniformiter
1043 451 1077 518 in
1096 443 1254 521 direslum
1274 471 1333 548 pto
1357 471 1409 524 re·
1463 481 1476 498 ²

54 473 187 632 sictut,⁴
210 565 305 646 atque
318 556 428 620 me'nte
441 542 551 621 saltem
566 551 652 622 hunc
666 569 796 642 motum
813 547 926 624 tollere
938 548 1060 635 licebit,
1080 546 1159 622 dum
1173 545 1288 636 scilicet
1301 471 1408 651 ipsum
1454 551 1456 562 '

57 647 192 752 spatium
216 669 310 721 motu
331 654 490 722 contrario
509 646 648 750 proferri
668 655 880 748 concipiatur.
956 648 1089 726 Sublato
1112 675 1193 751 ergo
1219 672 1311 724 ruotu
1332 676 1406 752 pro·

55 750 208 854 grellivo,
240 753 329 842 cujus
351 752 431 824 ratio
454 749 585 850 perinde
605 747 651 825 est
676 755 880 851 comparata,
922 777 959 825 ac
977 747 1001 823 fi
1021 772 1178 851 praeterea
1201 753 1307 826 nullus
1327 754 1407 829 alins
1524 833 1531 842 ,

54 875 162 932 mutus
182 857 217 926 in
238 875 376 952 corpote
396 847 530 940 inesset,
570 842 889 954 centrurn·corporis
915 859 1055 928 inertiae
1071 867 1223 954 tanquam
1243 847 1408 954 quiescent
1500 893 1503 900 ·

51 955 242 1032 considerari
261 960 396 1054 poterit:
441 959 522 1028 circa
549 955 639 1056 quod
665 955 967 1058 quomodocunque
989 983 1029 1028 co
1070 982 1107 1028 us
1128 959 1280 1055 agitetur,
1322 956 1438 1032 linea,

48 1064 219 1160 quaepiam
246 1056 329 1128 tesia
350 1081 407 1159 per
425 1054 456 1128 id
477 1054 569 1144 dusla
593 1063 703 1156 primo
722 1053 833 1132 saltem
855 1063 947 1133 initio
968 981 1124 1157 quierscet,
1159 1065 1242 1158 quae
1261 1060 1326 1149 ejus
1346 1063 1407 1131 erit
1505 1095 1506 1100 ¹
1566 1091 1569 1096 ·

49 1166 114 1234 axis
133 1150 327 1262 gymtionis.
370 1159 478 1229 Tum
499 1155 522 1230 fi
544 1157 600 1232 ille
621 1165 687 1232 axis
710 1165 879 1232 conveniat
899 1185 976 1232 cum
995 1157 1104 1258 aliquo
1123 1152 1232 1232 axium
1246 1163 1404 1258 principa·
1475 1199 1483 1210 f

52 1263 147 1342 lium,
179 1265 247 1334 huc
270 1258 334 1342 cll,
368 1257 391 1332 st
411 1257 461 1333 vel
482 1258 604 1334 incidat
620 1267 654 1333 in
672 1284 765 1334 axem
779 1261 987 1362 principalem
1003 1255 1195 1358 fingularcm
1211 1261 1261 1334 vel
1275 1258 1406 1336 a'd'eum

53 1363 87 1436 lit
105 1361 282 1460 normalis,
312 1366 409 1434 etianr
428 1365 481 1440 hic
500 1364 618 1454 motor.
631 1363 774 1436 manebit
794 1362 985 1463 aequabilia,
1015 1369 1146 1462 axirque
1166 1357 1321 1462 quiescet,
1352 1359 1405 1436 vel

50 1465 197 1556 adjtrntto
219 1485 315 1540 tuoto
335 1460 536 1565 progressiva
554 1463 613 1538 sibi
632 1468 746 1564 jugiter
768 1463 909 1538 manebit
929 1462 1110 1565 parallelus.
1166 1469 1209 1536 bt
1224 1461 1246 1536 fi
1260 1469 1325 1536 axis
1339 1461 1404 1552 ille,

50 1573 127 1640 circa
146 1577 249 1668 qu'cm
270 1591 386 1665 corpus
405 1571 550 1666 primum
571 1571 678 1668 gyrari
700 1571 826 1668 coepit,
858 1565 963 1668 neque
981 1591 1059 1638 cum
1078 1590 1136 1637 axe
1158 1565 1323 1665 principali
1342 1563 1404 1654 sm·

51 1667 149 1768 gulari
169 1687 351 1768 congruat,
383 1693 489 1767 neque
512 1666 551 1740 ad
571 1695 648 1742 eum
669 1665 707 1740 sir
726 1669 900 1754 normalis,
937 1661 1157 1768 corpus‘circa
1178 1691 1273 1740 axem
1301 1671 1428 1756 uariam
1481 1661 1485 1671 ’
1525 1661 1569 1712 ·’

51 1763 381 1870 bilringyrabitur,x
411 1773 467 1870 qui
495 1765 667 1868 quomodo
692 1774 851 1844 continuo
876 1774 1039 1860 varietur,
1085 1773 1119 1840 in
1145 1765 1405 1868 praecedentibut
1455 1770 1462 1776 ’

52 1871 176 1944 abunde
195 1869 407 1944 ostendimus.
476 1869 603 1945 Cianos
622 1875 719 1946 etiarn
740 1873 793 1946 bic
814 1891 924 1944 motus
944 1862 1149 1970 perspicietur
1168 1894 1226 1968 per
1245 1867 1405 1942 redutlio·
1446 1945 1450 1952 ,

52 1999 128 2046 nem
148 1973 239 2048 illam
257 1969 298 2044 ad
317 1997 412 2048 axem
434 1973 622 2056 mobilem,
667 1999 730 2074 qua
758 1970 880 2070 corpus'
895 1978 976 2055 eirca
998 1966 1102 2070 ipsum
1126 1997 1220 2044 axem
1248 1975 1404 2070 principa·

52 2071 116 2147 lem
137 2072 331 2176 singularem
353 2074 556 2176 aequabiliter
574 2097 728 2174 gyratur,
771 2072 851 2146 dum
879 2066 944 2174 ipse
971 2076 1024 2145 hic
1050 2077 1123 2162 axia*
1142 2077 1223 2147 circa
1244 2070 1405 2174 quosdam

52 2175 146 2276 polos
166 2198 254 2253 extra
274 2195 392 2278 corpur
411 2173 496 2251 fixos
515 2171 738 2282 circumfertur
756 2180 871 2276 pariter
887 2193 982 2250 motu
1002 2167 1172 2253 uniformi.
1374 2153 1400 2220 θ

519 2395 933 2522 senorium
1031 2385 1037 2398 ¹

156 2601 245 2694 736.
273 2595 353 2670 iloe
377 2595 577 2697 problemate
602 2592 786 2670 universum
816 2611 1064 2694 argumentum,
1107 2591 1197 2695 quod
1218 2596 1283 2672 hoc
1300 2623 1336 2672 ca
1361 2600 1426 2676 ite'
1472 2599 1475 2604 ⁴

50 2695 259 2773 trasiandum
280 2693 497 2798 suscepimus„
542 2699 749 2792 exhauritur,
787 2702 833 2770 ita
858 2715 893 2770 ut
915 2719 1093 2796 corporum
1117 2697 1296 2798 rigidomrn
1346 2727 1406 2774 uo-
1426 2710 1431 2724 ”

51 2803 111 2874 bur
133 2800 245 2874 axibus
263 2797 488 2898 principalibus
513 2799 640 2898 paribus
667 2795 906 2899 praeditorum,
940 2816 971 2870 et
991 2825 1008 2872 a
1029 2797 1123 2871 nullis
1142 2801 1261 2872 viribus
1286 2795 1406 2874 sollici·

52 2923 213 2988 tatorurn,
249 2921 359 2974 rnotus
378 2899 496 2974 liberos
516 2905 550 2972 in
567 2925 685 3000 genere
703 2899 914 2976 determinare
933 2919 1029 3000 atque
1046 2897 1084 2972 ad
1100 2907 1229 3000 quotvis
1247 2897 1335 2974 casnr
1351 2928 1405 2976 aa·
1611 2969 1616 2978 .

54 2989 266 3076 commodare
292 2999 465 3076 valeamus.
548 2998 723 3126 Supersunt
746 3026 826 3102 ergo
851 3026 987 3100 corpora
1016 3008 1125 3078 tertiae
1147 2995 1275 3098 cirillia,
1317 3027 1404 3101 quo·
1496 3078 1500 3086 ,
1592 3037 1596 3044 ·

56 3131 127 3177 rum
156 3123 327 3178 momenta
353 3106 484 3179 inertiae
505 3103 693 3206 principalia
717 3097 791 3178 sunt
816 3099 1018 3204 inaequalia,
1056 3103 1172 3204 quibua
1199 3099 1333 3206 sequent
1353 3127 1427 3180 αι·
1444 3103 1467 3136 ·”

57 3231 112 3308 put
143 3204 354 3291 destinatur..
