3774 5008
63 319 193 420 anst
213 314 555 418 sannanim
571 313 935 414 rnnnunon.
955 243 1154 420 sunan
1174 327 1255 420 ne.
1286 353 1373 444 ³99
1424 281 1426 286 ’
1572 285 1575 297 ’

37 524 83 600 rel
98 522 134 596 fit
152 519 295 606 infinite,
318 526 401 604 inter
412 523 467 596 e'ae
485 517 610 596 nee'elie
628 519 759 602 elideri
776 541 809 598 et
823 528 1000 598 maximam
1015 543 1047 598 et
1066 527 1257 597 minimeme
1287 491 1373 606 utra·
1394 589 1399 596 .
1449 597 1452 604 ,
1509 515 1515 540 ‘

35 652 92 725 que
103 642 207 697 autem
219 621 260 696 ad
274 621 408 724 planum
422 639 555 722 tangent
568 627 628 696 erit
639 623 810 701 normalis:
842 649 942 725 quare
962 623 989 698 st
1005 650 1123 724 corpur
1140 625 1294 698 altemtro
1314 649 1374 698 eu·
1423 661 1424 672 κ

36 749 103 800 tum
116 725 330 826 punslorum,
355 721 500 822 aquibus
512 745 660 798 centrum
675 729 806 820 inertiae
818 725 870 800 vel
882 729 1025 798 maxime
1044 723 1094 798 vel
1115 729 1253 798 minime
1272 717 1376 809 distat,
1493 789 1496 796 .

36 827 126 930 plano
146 823 336 897 horizontali
356 823 537 910 incumbat,
576 825 660 898 rer'lu
680 849 719 898 ex
736 846 848 900 centro
869 830 999 902 inertiae
1019 824 1060 898 ad
1084 825 1243 928 puniium
1263 844 1373 898 conta·

37 919 202 1004 ttusdncta
222 930 282 999 erit
300 924 476 1020 aentealte,
499 921 646 1028 ideoque
670 923 765 1000 suum
786 926 962 1029 aequilibrii
979 923 1084 1011 dabit,
1115 951 1258 1026 eumque
1281 917 1373 998 llalti·
1530 951 1533 958 ·

36 1029 111 1113 lent,
141 1024 260 1100 fioetta
280 1021 444 1098 illafuerit
457 1029 614 1112 minima,
644 1047 755 1100 eontra
776 1051 853 1100 vero
874 1025 1022 1114 labilem,
1050 1020 1248 1103 limaxima:
1285 1022 1374 1101 unde

38 1127 231 1228 intelligitur,
253 1145 400 1202 centntm
412 1120 682 1228 inertiae'semper
695 1125 976 1200 infimum-locum
991 1149 1159 1228 quaerere,
1191 1125 1247 1198 ubi
1266 1130 1373 1225 ecqui.

38 1227 120 1309 elcat.
167 1229 530 1326 Saepenumeroautem
545 1225 963 1328 plureadanturaequilibrii
978 1225 1079 1310 lituu:
1103 1227 1156 1300 alii
1177 1225 1301 1302 llaltilea
1318 1226 1373 1302 alii
1506 1283 1507 1288 ,
1663 1241 1730 1324 ·j
1873 1235 1874 1322 ζ

40 1328 154 1408 labiles,
185 1324 288 1426 quise
306 1325 485 1400 alternatim
506 1331 652 1426 excipere
662 1325 804 1416 debent,
833 1333 994 1432 qtroniam
1013 1351 1131 1430 eorpus
1149 1345 1190 1406 rx
1207 1323 1268 1404 satu
1286 1327 1373 1404 latin

40 1423 200 1534 tligtellum
213 1425 406 1504 instabilem
418 1423 811 1530 pertenimtneceffeeli.
874 1469 879 1474 ·

444 1629 956 1714 SCHOLIOMn

140 1787 232 1884 889ss
262 1787 303 1858 ln
323 1777 484 1885 praesente
503 1775 595 1883 nasu,
632 1811 701 1888 quo
717 1793 861 1888 corporis
880 1782 1081 1886 superlieiem
1099 1781 1294 1886 sphaericam
1312 1781 1372 1858 sta·
1409 1823 1411 1829 ·

41 1893 167 1972 tuimur,
190 1887 279 1962 teila
293 1909 352 1986 per
363 1905 512 1960 centrum
523 1891 654 1961 inertiae
666 1891 680 1960 l
693 1907 725 1962 et
738 1911 884 1963 centrum
899 1887 1021 1990 figurae
1041 1891 1071 1961 G
1089 1885 1183 1962 dueta
1201 1885 1287 1960 dabit
1303 1884 1371 1960 dutt

41 1987 212 2090 illapuuffl
226 1987 252 2062 F
265 2005 297 2086 et
313 1987 367 2074 D,
403 1987 519 2086 quibua
538 1984 563 2059 fi
582 2012 698 2088 corpur
720 1987 818 2088 plano
836 1988 1030 2066 heumann
1050 1989 1236 2074 iaettmbut,
1274 1984 1391 2081 litutnb.

39 2089 205 2192 aequilibrii
221 2105 343 2164 teneat:
367 2111 405 2172 ae
417 2082 497 2160 dum
511 2087 633 2187 praeto
650 2090 672 2160 F
692 2087 825 2188 planum
845 2089 1046 2168 horizontale
1065 2095 1187 2188 tangit,
1211 2085 1298 2164 'snut
1318 2113 1373 2160 ae·
1406 2097 1410 2102 ’

40 2191 237 2290 quilibriierit
250 2185 387 2279 stabilit,
410 2183 487 2260 llFl
503 2199 538 2260 <
552 2190 608 2264 FG
620 2186 753 2283 scus<
769 2217 812 2272 0,
840 2189 941 2264 labilis
960 2209 1069 2266 auteur
1091 2188 1116 2264 fi
1136 2191 1176 2262 fl
1190 2199 1226 2265 >
1240 2191 1295 2263 FG
1315 2183 1371 2262 seu

33 2291 98 2388 s>
111 2315 148 2368 o:
171 2316 281 2390 neque
293 2308 417 2390 praeter
428 2291 491 2362 hot
503 2287 585 2362 dnos
598 2288 673 2365 snus
688 2288 862 2390 aequilibrii
876 2290 957 2366 aliut
978 2294 1030 2364 laic
1050 2291 1192 2378 dabitur,
1222 2289 1281 2364 nist
1300 2287 1371 2375 sue·

41 2389 149 2486 titf=
162 2417 204 2477 o,
229 2416 298 2494 quo
312 2381 382 2468 casu
398 2383 502 2462 subito
522 2413 639 2464 omnes
653 2390 747 2490 plane
763 2389 836 2464 litua
849 2391 1025 2492 aequilibrii
1039 2387 1184 2466 ¹indolem
1205 2397 1372 2492 recipiunt.

41 2491 103 2565 Etfi
119 2503 223 2568 tutem
236 2497 289 2568 hie
300 2510 403 2564 totam
415 2496 560 2588 eorporis
573 2485 775 2663 supperllciem
789 2511 824 2564 ut
836 2486 1030 2590 sphaericam
1046 2490 1233 2576 confidem,
1261 2512 1372 2566 tamen

42 2591 261 2668 adinllitutum
275 2589 421 2666 noilntm
435 2585 567 2678 suffieit,
633 2617 670 2665 ea
684 2587 795 2665 saltem
807 2597 932 2692 portio,
956 2617 1020 2694 que
1040 2591 1176 2668 durante
1193 2611 1286 2668 motn
1305 2591 1389 2692 pla?

43 2715 120 2766 nutu
139 2691 336 2770 horiauntale
355 2695 532 2790 contingit,
560 2686 658 2765 suerit
674 2687 851 2793 sphaerica:
880 2713 975 2788 atque
995 2696 1070 2766 ltine
1090 2691 1145 2766 issa
1165 2695 1308 2768 trailatio
1327 2713 1375 2768 et·

43 2797 102 2866 lant
112 2791 150 2868 rd
162 2821 217 2870 rua
228 2795 372 2869 turbinet
384 2811 487 2894 patet,
511 2817 654 2892 qtttttum
668 2817 743 2868 axtr
756 2789 889 2866 inferius
903 2817 972 2865 nou
990 2799 1024 2864 in
1042 2789 1222 2892 cuspidem,
1247 2816 1283 2866 ut
1299 2815 1374 2870 ante

43 2887 252 2984 ellumllmut,
291 2889 344 2968 sed
366 2900 400 2966 in
420 2887 710 2994 haemisphaerium
730 2891 780 2966 vel
806 2898 902 2966 etiam
929 2899 1039 2968 minut
1057 2889 1206 2995 sphaerae
1227 2891 1374 2994 segmen·
1430 2922 1435 2930 ·

12 3049 13 3054 ,
44 3015 106 3070 turn
118 2991 349 3082 efformannu,
373 2999 415 3067 ita
426 3012 467 3067 ut
487 2989 594 3075 {orma
614 2988 647 3066 l'u
673 3019 706 3066 ra
725 2991 919 3070 conlidentn
940 2997 1017 3068 ltine
1035 2991 1185 3096 prodeat,
1222 2994 1374 3071 findiua

43 3091 176 3196 sphaerae
189 3099 248 3172 GF
261 3089 513 3191 :tavanescan
538 3021 735 3196 licqueluee
747 3095 891 3170 trellano
909 3089 1106 3194 superiorem
1125 3099 1160 3168 iu
1177 3090 1210 3172 se
1230 3097 1375 3198 eomple-
1494 3165 1499 3172 .

44 3199 145 3274 ilatur.
190 3199 295 3274 Rerla
308 3203 405 3300 igitur
418 3197 523 3268 mur
536 3220 594 3294 per
606 3217 753 3270 centrum
769 3199 901 3270 inertiae
919 3199 933 3268 l
951 3213 983 3270 et
1000 3215 1148 3270 centrum
1166 3195 1247 3271 basra
1265 3194 1375 3298 sphae-

42 3301 114 3372 tic'ae
125 3300 155 3374 G
166 3297 261 3372 dueta
276 3301 443 3398 proprium
458 3297 589 3370 turbinis
601 3321 695 3370 axem
709 3296 854 3384 exhibet,
883 3321 966 3393 quae
986 3297 1137 3396 quidem,
1169 3304 1216 3372 uti
1234 3297 1376 3376 turbinet
1416 3387 1417 3390 Ἴ

43 3397 172 3473 ranilrui
191 3397 311 3485 solent,
346 3395 442 3482 timul
462 3423 546 3470 unua
564 3395 610 3471 esl
628 3403 737 3472 axium
757 3397 982 3498 principalium
1002 3405 1168 3498 corporis,
1206 3397 1273 3472 bini
1295 3407 1393 3476 aeru'

42 3499 143 3602 reliqui
157 3519 327 3577 momenta
346 3503 476 3573 ineniae
494 3497 612 3572 habent
633 3504 737 3599 paria,
764 3493 892 3600 qualem
911 3491 1055 3572 sormam
1074 3502 1139 3592 jam
1157 3496 1249 3600 supra
1271 3497 1376 3575 llatui·
1418 3531 1420 3536 ¹

44 3625 119 3680 mur.
167 3604 296 3678 Verum
308 3625 377 3704 quo
397 3603 475 3674 haec
494 3601 636 3674 trallatio
655 3597 745 3672 latiur
765 3619 888 3700 patrat,
928 3596 1089 3700 simulque
1109 3598 1147 3673 ad
1169 3601 1376 3682 titubationea

44 3727 211 3804 corporum
244 3725 449 3804 quorumque
476 3697 540 3773 bali
573 3695 731 3798 sphaerica
758 3699 1241 3800 praeditontmtaceommodari
1271 3692 1377 3800 queat,

44 3827 109 3879 aret
124 3809 271 3904 eorporis
290 3808 390 3902 princi
433 3799 478 3878 let
501 3821 678 3902 utrumque
697 3801 737 3874 ab
761 3825 820 3874 axe
844 3805 979 3902 pnapn'o
996 3801 1054 3874 DF
1076 3799 1214 3878 uirersot
1231 3799 1377 3880 confide·
1507 3855 1512 3862 -

42 3905 129 3998 tabu,
157 3927 341 4008 eorumque
397 3903 494 4010 peitu
513 3921 684 4000 momenta
697 3907 814 3978 ririutn
831 3899 1017 4006 explorabo.

424 4101 987 4196 Pnortuttaas.

135 4275 224 4360 890.
256 4261 340 4337 Data
359 4251 571 4382 prelllopeil
627 4283 697 4380 quo
715 4282 834 4359 carpat
853 4251 1096 4436 balinlp'uaerlea
1114 4253 1291 4358 praeditum
1312 4260 1381 4363 pla·
1631 4297 1635 4302 ·

45 4389 86 4440 tto
116 4363 312 4444 hartmani
340 4359 522 4450 incumbat,
623 4465 625 4476 Ι
718 4378 889 4464 momenta
1005 4377 1074 4435 utra
1098 4355 1154 4434 rel
1268 4368 1380 4438 axium
1531 4405 1533 4410 ·

693 4507 700 4516 ·
1168 4553 1176 4566 ¹
1263 4467 1380 4566 princi·

1005 4561 1018 4590 f
