<?xml version="1.0" encoding="UTF-8"?>
<!DOCTYPE html PUBLIC "-//W3C//DTD XHTML 1.0 Transitional//EN"
    "http://www.w3.org/TR/xhtml1/DTD/xhtml1-transitional.dtd">
<html xmlns="http://www.w3.org/1999/xhtml" xml:lang="en" lang="en">
 <head>
  <title>
</title>
<meta http-equiv="Content-Type" content="text/html;charset=utf-8" />
  <meta name='ocr-system' content='tesseract 3.04.00' />
  <meta name='ocr-capabilities' content='ocr_page ocr_carea ocr_par ocr_line ocrx_word'/>
</head>
<body>
  <div class='ocr_page' id='page_1' title='image "./theoriamotvscor02eulegoog/theoriamotvscor02eulegoog_0036.png"; bbox 0 0 3872 5012; ppageno 0'>
   <div class='ocr_carea' id='block_1_1' title="bbox 503 303 964 410">
    <p class='ocr_par' dir='ltr' id='par_1_1' title="bbox 503 239 964 410">
     <span class='ocr_line' id='line_1_1' title="bbox 503 303 964 410; baseline 0 -2"><span class='ocrx_word' id='word_1_1' title='bbox 503 303 507 316; x_wconf 44' lang='lat'><strong>¹</strong></span> <span class='ocrx_word' id='word_1_2' title='bbox 547 315 964 410; x_wconf 75' lang='lat' dir='ltr'><em>PRAEFATIO.</em></span> 
     </span>
    </p>
   </div>
   <div class='ocr_carea' id='block_1_2' title="bbox 74 497 1645 4467">
    <p class='ocr_par' dir='ltr' id='par_1_2' title="bbox 74 497 1645 4467">
     <span class='ocr_line' id='line_1_2' title="bbox 81 497 1428 639; baseline 0 -27"><span class='ocrx_word' id='word_1_3' title='bbox 81 497 299 612; x_wconf 80' lang='lat' dir='ltr'>mentanea</span> <span class='ocrx_word' id='word_1_4' title='bbox 314 547 399 605; x_wconf 91' lang='lat' dir='ltr'>non</span> <span class='ocrx_word' id='word_1_5' title='bbox 415 519 572 605; x_wconf 86' lang='lat' dir='ltr'>tantum</span> <span class='ocrx_word' id='word_1_6' title='bbox 587 521 629 603; x_wconf 92' lang='lat' dir='ltr'>in</span> <span class='ocrx_word' id='word_1_7' title='bbox 642 546 726 604; x_wconf 87' lang='lat' dir='ltr'>axe</span> <span class='ocrx_word' id='word_1_8' title='bbox 739 517 1230 631; x_wconf 86' lang='lat' dir='ltr'>gyrationisetceletitate</span> <span class='ocrx_word' id='word_1_9' title='bbox 1243 521 1428 639; x_wconf 86' lang='lat' dir='ltr'>angulari</span> 
     </span>
     <span class='ocr_line' id='line_1_3' title="bbox 79 663 1476 788; baseline 0.003 -34"><span class='ocrx_word' id='word_1_10' title='bbox 79 663 1428 788; x_wconf 65' lang='lat' dir='ltr'>productasedetinfituturblnisrespeslul&#39;patiiabsolutiortage·</span> <span class='ocrx_word' id='word_1_11' title='bbox 1472 716 1476 722; x_wconf 95' lang='lat'>·</span> 
     </span>
     <span class='ocr_line' id='line_1_4' title="bbox 79 811 1424 932; baseline 0.002 -28"><span class='ocrx_word' id='word_1_12' title='bbox 79 817 229 904; x_wconf 88' lang='lat' dir='ltr'>neralis</span> <span class='ocrx_word' id='word_1_13' title='bbox 243 816 386 902; x_wconf 88' lang='lat' dir='ltr'>solutio</span> <span class='ocrx_word' id='word_1_14' title='bbox 402 813 666 928; x_wconf 83' lang='lat' dir='ltr'>problematis</span> <span class='ocrx_word' id='word_1_15' title='bbox 683 811 860 902; x_wconf 89' lang='lat' dir='ltr'>demotu</span> <span class='ocrx_word' id='word_1_16' title='bbox 871 835 911 900; x_wconf 93' lang='lat' dir='ltr'>et</span> <span class='ocrx_word' id='word_1_17' title='bbox 922 814 1424 932; x_wconf 78' lang='lat' dir='ltr'>fituturbinisad&#39;quodvis</span> 
     </span>
     <span class='ocr_line' id='line_1_5' title="bbox 78 962 1427 1082; baseline 0.001 -31"><span class='ocrx_word' id='word_1_18' title='bbox 78 987 243 1081; x_wconf 84' lang='lat' dir='ltr'>tempus</span> <span class='ocrx_word' id='word_1_19' title='bbox 266 962 496 1077; x_wconf 74' lang='lat' dir='ltr'>assiguando</span> <span class='ocrx_word' id='word_1_20' title='bbox 519 983 718 1070; x_wconf 89' lang='lat' dir='ltr'>tentatur,</span> <span class='ocrx_word' id='word_1_21' title='bbox 746 962 815 1045; x_wconf 88' lang='lat' dir='ltr'>ubi</span> <span class='ocrx_word' id='word_1_22' title='bbox 837 989 939 1054; x_wconf 87' lang='lat' dir='ltr'>vero</span> <span class='ocrx_word' id='word_1_23' title='bbox 954 965 1105 1048; x_wconf 89' lang='lat' dir='ltr'>iterum</span> <span class='ocrx_word' id='word_1_24' title='bbox 1129 964 1235 1051; x_wconf 89' lang='lat' dir='ltr'>adeo</span> <span class='ocrx_word' id='word_1_25' title='bbox 1258 966 1427 1082; x_wconf 89' lang='lat' dir='ltr'>compli-</span> 
     </span>
     <span class='ocr_line' id='line_1_6' title="bbox 79 1107 1427 1228; baseline 0 -28"><span class='ocrx_word' id='word_1_26' title='bbox 79 1137 195 1201; x_wconf 84' lang='lat' dir='ltr'>catae</span> <span class='ocrx_word' id='word_1_27' title='bbox 210 1113 411 1228; x_wconf 89' lang='lat' dir='ltr'>prodeunt</span> <span class='ocrx_word' id='word_1_28' title='bbox 427 1107 1007 1224; x_wconf 85' lang='lat' dir='ltr'>aequationcsdifferentiales,</span> <span class='ocrx_word' id='word_1_29' title='bbox 1030 1132 1079 1196; x_wconf 90' lang='lat' dir='ltr'>ut</span> <span class='ocrx_word' id='word_1_30' title='bbox 1091 1115 1236 1198; x_wconf 88' lang='lat' dir='ltr'>earum</span> <span class='ocrx_word' id='word_1_31' title='bbox 1251 1116 1427 1228; x_wconf 87' lang='lat' dir='ltr'>integra·</span> 
     </span>
     <span class='ocr_line' id='line_1_7' title="bbox 79 1255 1425 1372; baseline 0.001 -25"><span class='ocrx_word' id='word_1_32' title='bbox 79 1267 137 1347; x_wconf 90' lang='lat' dir='ltr'>tio</span> <span class='ocrx_word' id='word_1_33' title='bbox 154 1291 231 1346; x_wconf 92' lang='lat' dir='ltr'>nec</span> <span class='ocrx_word' id='word_1_34' title='bbox 245 1259 471 1372; x_wconf 87' lang='lat' dir='ltr'>algebraioe</span> <span class='ocrx_word' id='word_1_35' title='bbox 485 1285 562 1342; x_wconf 88' lang='lat' dir='ltr'>nec</span> <span class='ocrx_word' id='word_1_36' title='bbox 584 1283 659 1371; x_wconf 90' lang='lat' dir='ltr'>per</span> <span class='ocrx_word' id='word_1_37' title='bbox 678 1255 946 1370; x_wconf 89' lang='lat' dir='ltr'>logaritbmos</span> <span class='ocrx_word' id='word_1_38' title='bbox 967 1257 1035 1346; x_wconf 89' lang='lat' dir='ltr'>vel</span> <span class='ocrx_word' id='word_1_39' title='bbox 1058 1287 1179 1346; x_wconf 84' lang='lat' dir='ltr'>arcus</span> <span class='ocrx_word' id='word_1_40' title='bbox 1204 1261 1425 1351; x_wconf 82' lang='lat' dir='ltr'>circulares</span> 
     </span>
     <span class='ocr_line' id='line_1_8' title="bbox 79 1376 1543 1524; baseline 0.001 -31"><span class='ocrx_word' id='word_1_41' title='bbox 79 1407 264 1524; x_wconf 89' lang='lat' dir='ltr'>expediri</span> <span class='ocrx_word' id='word_1_42' title='bbox 280 1403 406 1522; x_wconf 83' lang='lat' dir='ltr'>polstt.</span> <span class='ocrx_word' id='word_1_43' title='bbox 463 1403 610 1518; x_wconf 89' lang='lat' dir='ltr'>Longe</span> <span class='ocrx_word' id='word_1_44' title='bbox 626 1407 806 1516; x_wconf 84' lang='lat' dir='ltr'>majores</span> <span class='ocrx_word' id='word_1_45' title='bbox 821 1405 1065 1519; x_wconf 79' lang='lat' dir='ltr'>praevidere</span> <span class='ocrx_word' id='word_1_46' title='bbox 1073 1376 1238 1521; x_wconf 82' lang='lat' dir='ltr'>poterut</span> <span class='ocrx_word' id='word_1_47' title='bbox 1257 1401 1427 1496; x_wconf 65' lang='lat' dir='ltr'>difficulss</span> <span class='ocrx_word' id='word_1_48' title='bbox 1539 1457 1543 1467; x_wconf 94' lang='lat'>·</span> 
     </span>
     <span class='ocr_line' id='line_1_9' title="bbox 77 1551 1425 1657; baseline 0.003 -17"><span class='ocrx_word' id='word_1_49' title='bbox 77 1579 184 1642; x_wconf 89' lang='lat' dir='ltr'>tates</span> <span class='ocrx_word' id='word_1_50' title='bbox 201 1569 306 1642; x_wconf 78' lang='lat' dir='ltr'>cea.</span> <span class='ocrx_word' id='word_1_51' title='bbox 325 1579 545 1657; x_wconf 69' lang='lat' dir='ltr'>auctore,</span> <span class='ocrx_word' id='word_1_52' title='bbox 560 1551 589 1634; x_wconf 90' lang='lat' dir='ltr'>li</span> <span class='ocrx_word' id='word_1_53' title='bbox 604 1554 645 1652; x_wconf 91' lang='lat' dir='ltr'>in</span> <span class='ocrx_word' id='word_1_54' title='bbox 662 1553 822 1637; x_wconf 84' lang='lat' dir='ltr'>turbine</span> <span class='ocrx_word' id='word_1_55' title='bbox 838 1581 921 1636; x_wconf 92' lang='lat' dir='ltr'>non</span> <span class='ocrx_word' id='word_1_56' title='bbox 937 1559 1305 1644; x_wconf 82' lang='lat' dir='ltr'>omnia-momenta</span> <span class='ocrx_word' id='word_1_57' title='bbox 1319 1562 1425 1644; x_wconf 88' lang='lat' dir='ltr'>inter</span> 
     </span>
     <span class='ocr_line' id='line_1_10' title="bbox 75 1689 1526 1816; baseline 0.001 -28"><span class='ocrx_word' id='word_1_58' title='bbox 75 1702 113 1788; x_wconf 93' lang='lat' dir='ltr'>se</span> <span class='ocrx_word' id='word_1_59' title='bbox 128 1699 316 1816; x_wconf 75' lang='lat' dir='ltr'>aequalia</span> <span class='ocrx_word' id='word_1_60' title='bbox 325 1699 624 1805; x_wconf 60' lang='lat' dir='ltr'>-llatuerentur,</span> <span class='ocrx_word' id='word_1_61' title='bbox 651 1689 780 1810; x_wconf 77' lang='lat' dir='ltr'>quare</span> <span class='ocrx_word' id='word_1_62' title='bbox 794 1698 834 1783; x_wconf 89' lang='lat' dir='ltr'>id</span> <span class='ocrx_word' id='word_1_63' title='bbox 856 1724 1148 1814; x_wconf 84' lang='lat' dir='ltr'>argumentum</span> <span class='ocrx_word' id='word_1_64' title='bbox 1165 1703 1350 1810; x_wconf 85' lang='lat' dir='ltr'>nondum</span> <span class='ocrx_word' id='word_1_65' title='bbox 1364 1727 1425 1791; x_wconf 67' lang='lat' dir='ltr'>at÷</span> <span class='ocrx_word' id='word_1_66' title='bbox 1519 1793 1526 1808; x_wconf 60' lang='grc'>,</span> 
     </span>
     <span class='ocr_line' id='line_1_11' title="bbox 75 1822 1426 1968; baseline 0.004 -35"><span class='ocrx_word' id='word_1_67' title='bbox 75 1841 207 1963; x_wconf 86' lang='lat' dir='ltr'>tingit,</span> <span class='ocrx_word' id='word_1_68' title='bbox 231 1831 304 1934; x_wconf 81' lang='lat' dir='ltr'>&#39;led</span> <span class='ocrx_word' id='word_1_69' title='bbox 319 1849 457 1963; x_wconf 88' lang='lat' dir='ltr'>potius</span> <span class='ocrx_word' id='word_1_70' title='bbox 469 1842 594 1960; x_wconf 86' lang='lat' dir='ltr'>ipsam</span> <span class='ocrx_word' id='word_1_71' title='bbox 611 1822 813 1929; x_wconf 88' lang='lat' dir='ltr'>theoriam</span> <span class='ocrx_word' id='word_1_72' title='bbox 828 1845 1065 1958; x_wconf 80' lang='lat' dir='ltr'>generalem</span> <span class='ocrx_word' id='word_1_73' title='bbox 1080 1849 1132 1934; x_wconf 91' lang='lat' dir='ltr'>de</span> <span class='ocrx_word' id='word_1_74' title='bbox 1148 1874 1266 1938; x_wconf 88' lang='lat' dir='ltr'>motu</span> <span class='ocrx_word' id='word_1_75' title='bbox 1278 1870 1426 1968; x_wconf 86' lang='lat' dir='ltr'>corpo·</span> 
     </span>
     <span class='ocr_line' id='line_1_12' title="bbox 75 1991 1554 2110; baseline 0.003 -30"><span class='ocrx_word' id='word_1_76' title='bbox 75 2025 170 2082; x_wconf 90' lang='lat' dir='ltr'>rum</span> <span class='ocrx_word' id='word_1_77' title='bbox 186 1995 415 2110; x_wconf 83' lang='lat' dir='ltr'>rigidorurn</span> <span class='ocrx_word' id='word_1_78' title='bbox 428 1993 624 2080; x_wconf 83' lang='lat' dir='ltr'>aviribue</span> <span class='ocrx_word' id='word_1_79' title='bbox 638 1991 952 2106; x_wconf 85' lang='lat' dir='ltr'>quibuscunque</span> <span class='ocrx_word' id='word_1_80' title='bbox 968 1991 1273 2082; x_wconf 86' lang='lat' dir='ltr'>sollicitatorum</span> <span class='ocrx_word' id='word_1_81' title='bbox 1288 1999 1426 2085; x_wconf 88' lang='lat' dir='ltr'>denuo</span> <span class='ocrx_word' id='word_1_82' title='bbox 1550 2084 1554 2110; x_wconf 72' lang='lat'>,</span> 
     </span>
     <span class='ocr_line' id='line_1_13' title="bbox 74 2113 1425 2263; baseline 0.001 -33"><span class='ocrx_word' id='word_1_83' title='bbox 74 2143 333 2232; x_wconf 75' lang='lat' dir='ltr'>traslandam</span> <span class='ocrx_word' id='word_1_84' title='bbox 346 2135 517 2256; x_wconf 81' lang='lat' dir='ltr'>suscipit,</span> <span class='ocrx_word' id='word_1_85' title='bbox 540 2137 765 2253; x_wconf 86' lang='lat' dir='ltr'>etquidem</span> <span class='ocrx_word' id='word_1_86' title='bbox 782 2138 980 2224; x_wconf 87' lang='lat' dir='ltr'>methodo</span> <span class='ocrx_word' id='word_1_87' title='bbox 995 2140 1154 2256; x_wconf 85' lang='lat' dir='ltr'>prorsus</span> <span class='ocrx_word' id='word_1_88' title='bbox 1168 2113 1292 2254; x_wconf 58' lang='lat' dir='ltr'>nova&#39;,</span> <span class='ocrx_word' id='word_1_89' title='bbox 1317 2149 1425 2263; x_wconf 84' lang='lat' dir='ltr'>prlo-</span> 
     </span>
     <span class='ocr_line' id='line_1_14' title="bbox 74 2284 1427 2406; baseline 0.002 -30"><span class='ocrx_word' id='word_1_90' title='bbox 74 2319 121 2378; x_wconf 90' lang='lat' dir='ltr'>re</span> <span class='ocrx_word' id='word_1_91' title='bbox 133 2290 256 2405; x_wconf 88' lang='lat' dir='ltr'>longe</span> <span class='ocrx_word' id='word_1_92' title='bbox 272 2288 513 2406; x_wconf 79' lang='lat' dir='ltr'>persesliore</span> <span class='ocrx_word' id='word_1_93' title='bbox 528 2307 570 2372; x_wconf 92' lang='lat' dir='ltr'>et</span> <span class='ocrx_word' id='word_1_94' title='bbox 586 2287 639 2371; x_wconf 88' lang='lat' dir='ltr'>ad</span> <span class='ocrx_word' id='word_1_95' title='bbox 653 2284 767 2375; x_wconf 89' lang='lat' dir='ltr'>usum</span> <span class='ocrx_word' id='word_1_96' title='bbox 790 2290 923 2399; x_wconf 85' lang='lat' dir='ltr'>magis</span> <span class='ocrx_word' id='word_1_97' title='bbox 949 2290 1280 2380; x_wconf 87' lang='lat' dir='ltr'>accommodata.</span> <span class='ocrx_word' id='word_1_98' title='bbox 1336 2295 1427 2381; x_wconf 83' lang='lat' dir='ltr'>Me-</span> 
     </span>
     <span class='ocr_line' id='line_1_15' title="bbox 74 2431 1426 2556; baseline 0.001 -31"><span class='ocrx_word' id='word_1_99' title='bbox 74 2439 253 2526; x_wconf 82' lang='lat' dir='ltr'>tlrodum</span> <span class='ocrx_word' id='word_1_100' title='bbox 267 2437 369 2552; x_wconf 85' lang='lat' dir='ltr'>Cap.</span> <span class='ocrx_word' id='word_1_101' title='bbox 385 2431 518 2524; x_wconf 61' lang='lat' dir='ltr'>litet</span> <span class='ocrx_word' id='word_1_102' title='bbox 535 2433 591 2524; x_wconf 87' lang='grc' dir='ltr'>Χ.</span> <span class='ocrx_word' id='word_1_103' title='bbox 602 2431 841 2548; x_wconf 73' lang='lat' dir='ltr'>¹expositam</span> <span class='ocrx_word' id='word_1_104' title='bbox 852 2439 974 2522; x_wconf 86' lang='lat' dir='ltr'>nimis</span> <span class='ocrx_word' id='word_1_105' title='bbox 987 2436 1067 2522; x_wconf 86' lang='lat' dir='ltr'>elle</span> <span class='ocrx_word' id='word_1_106' title='bbox 1083 2438 1294 2556; x_wconf 82' lang='lat' dir='ltr'>operosam</span> <span class='ocrx_word' id='word_1_107' title='bbox 1311 2467 1426 2526; x_wconf 55' lang='lat' dir='ltr'>cumr</span> 
     </span>
     <span class='ocr_line' id='line_1_16' title="bbox 74 2559 1645 2702; baseline 0.004 -33"><span class='ocrx_word' id='word_1_108' title='bbox 74 2607 223 2702; x_wconf 90' lang='lat' dir='ltr'>pertus</span> <span class='ocrx_word' id='word_1_109' title='bbox 237 2564 293 2668; x_wconf 78' lang='lat' dir='ltr'>e&#39;ll</span> <span class='ocrx_word' id='word_1_110' title='bbox 308 2603 414 2669; x_wconf 74' lang='lat' dir='ltr'>cen.</span> <span class='ocrx_word' id='word_1_111' title='bbox 433 2606 658 2688; x_wconf 73' lang='lat' dir='ltr'>nucroa,</span> <span class='ocrx_word' id='word_1_112' title='bbox 699 2559 731 2664; x_wconf 76' lang='lat' dir='ltr'>st</span> <span class='ocrx_word' id='word_1_113' title='bbox 749 2579 1204 2692; x_wconf 75' lang='lat' dir='ltr'>indeeffeslusm&#39;rium</span> <span class='ocrx_word' id='word_1_114' title='bbox 1228 2613 1425 2702; x_wconf 66' lang='lat' dir='ltr'>quatum-³</span> <span class='ocrx_word' id='word_1_115' title='bbox 1524 2559 1555 2693; x_wconf 32' lang='lat'>¹,</span> <span class='ocrx_word' id='word_1_116' title='bbox 1639 2619 1645 2630; x_wconf 92' lang='lat'><em>·</em></span> 
     </span>
     <span class='ocr_line' id='line_1_17' title="bbox 75 2703 1425 2850; baseline 0.004 -31"><span class='ocrx_word' id='word_1_117' title='bbox 75 2759 246 2848; x_wconf 91' lang='lat' dir='ltr'>cunque</span> <span class='ocrx_word' id='word_1_118' title='bbox 263 2729 307 2814; x_wconf 84' lang='lat' dir='ltr'>srt</span> <span class='ocrx_word' id='word_1_119' title='bbox 324 2726 592 2834; x_wconf 84' lang='lat' dir='ltr'>definiendus,</span> <span class='ocrx_word' id='word_1_120' title='bbox 620 2725 720 2812; x_wconf 89' lang='lat' dir='ltr'>dum</span> <span class='ocrx_word' id='word_1_121' title='bbox 737 2729 871 2848; x_wconf 90' lang='lat' dir='ltr'>primo</span> <span class='ocrx_word' id='word_1_122' title='bbox 886 2734 999 2839; x_wconf 86' lang='lat' dir='ltr'>axis,</span> <span class='ocrx_word' id='word_1_123' title='bbox 1036 2737 1145 2820; x_wconf 86' lang='lat' dir='ltr'>circa</span> <span class='ocrx_word' id='word_1_124' title='bbox 1165 2703 1294 2850; x_wconf 85' lang='lat' dir='ltr'>quem</span> <span class='ocrx_word' id='word_1_125' title='bbox 1315 2735 1425 2825; x_wconf 79' lang='lat' dir='ltr'>vires¹</span> 
     </span>
     <span class='ocr_line' id='line_1_18' title="bbox 76 2873 1425 2995; baseline 0.001 -29"><span class='ocrx_word' id='word_1_126' title='bbox 76 2890 245 2995; x_wconf 83' lang='lat' dir='ltr'>eorpus,</span> <span class='ocrx_word' id='word_1_127' title='bbox 273 2877 299 2961; x_wconf 88' lang='lat' dir='ltr'>li</span> <span class='ocrx_word' id='word_1_128' title='bbox 315 2873 556 2990; x_wconf 88' lang='lat' dir='ltr'>quiesceret,</span> <span class='ocrx_word' id='word_1_129' title='bbox 581 2897 825 2962; x_wconf 87' lang='lat' dir='ltr'>convertere</span> <span class='ocrx_word' id='word_1_130' title='bbox 842 2879 1086 2991; x_wconf 85' lang='lat' dir='ltr'>inciperent,</span> <span class='ocrx_word' id='word_1_131' title='bbox 1116 2881 1293 2991; x_wconf 82' lang='lat' dir='ltr'>definiri,</span> <span class='ocrx_word' id='word_1_132' title='bbox 1333 2905 1425 2969; x_wconf 92' lang='lat' dir='ltr'>tum</span> 
     </span>
     <span class='ocr_line' id='line_1_19' title="bbox 76 3007 1426 3142; baseline -0.003 -24"><span class='ocrx_word' id='word_1_133' title='bbox 76 3043 180 3118; x_wconf 80' lang='lat' dir='ltr'>vero</span> <span class='ocrx_word' id='word_1_134' title='bbox 194 3027 289 3111; x_wconf 88' lang='lat' dir='ltr'>hinc</span> <span class='ocrx_word' id='word_1_135' title='bbox 304 3025 478 3112; x_wconf 87' lang='lat' dir='ltr'>variatio</span> <span class='ocrx_word' id='word_1_136' title='bbox 492 3021 598 3127; x_wconf 73' lang='lat' dir='ltr'>axia,</span> <span class='ocrx_word' id='word_1_137' title='bbox 628 3023 737 3106; x_wconf 88' lang='lat' dir='ltr'>circa</span> <span class='ocrx_word' id='word_1_138' title='bbox 751 3011 877 3136; x_wconf 82' lang='lat' dir='ltr'>que&#39;m</span> <span class='ocrx_word' id='word_1_139' title='bbox 891 3051 1042 3140; x_wconf 88' lang='lat' dir='ltr'>corpus</span> <span class='ocrx_word' id='word_1_140' title='bbox 1058 3027 1150 3112; x_wconf 68' lang='lat' dir='ltr'>ablu</span> <span class='ocrx_word' id='word_1_141' title='bbox 1165 3007 1355 3142; x_wconf 83' lang='lat' dir='ltr'>gyratur,</span> <span class='ocrx_word' id='word_1_142' title='bbox 1385 3049 1426 3115; x_wconf 85' lang='lat' dir='ltr'>et</span> 
     </span>
     <span class='ocr_line' id='line_1_20' title="bbox 79 3167 1425 3292; baseline -0.001 -31"><span class='ocrx_word' id='word_1_143' title='bbox 79 3177 269 3262; x_wconf 83' lang='lat' dir='ltr'>celeritas</span> <span class='ocrx_word' id='word_1_144' title='bbox 289 3167 496 3284; x_wconf 87' lang='lat' dir='ltr'>angularis</span> <span class='ocrx_word' id='word_1_145' title='bbox 518 3168 783 3256; x_wconf 85' lang='lat' dir='ltr'>determinari</span> <span class='ocrx_word' id='word_1_146' title='bbox 811 3191 1014 3284; x_wconf 85' lang='lat' dir='ltr'>oporteat.</span> <span class='ocrx_word' id='word_1_147' title='bbox 1083 3173 1237 3289; x_wconf 85' lang='lat' dir='ltr'>Negari</span> <span class='ocrx_word' id='word_1_148' title='bbox 1259 3203 1425 3292; x_wconf 89' lang='lat' dir='ltr'>quoque</span> 
     </span>
     <span class='ocr_line' id='line_1_21' title="bbox 79 3310 1452 3438; baseline 0.001 -29"><span class='ocrx_word' id='word_1_149' title='bbox 79 3353 160 3409; x_wconf 89' lang='lat' dir='ltr'>uon</span> <span class='ocrx_word' id='word_1_150' title='bbox 177 3320 329 3438; x_wconf 87' lang='lat' dir='ltr'>potest,</span> <span class='ocrx_word' id='word_1_151' title='bbox 353 3347 430 3404; x_wconf 89' lang='lat' dir='ltr'>nec</span> <span class='ocrx_word' id='word_1_152' title='bbox 445 3313 523 3430; x_wconf 91' lang='lat' dir='ltr'>ipse</span> <span class='ocrx_word' id='word_1_153' title='bbox 541 3340 690 3404; x_wconf 76' lang='lat' dir='ltr'>caan.</span> <span class='ocrx_word' id='word_1_154' title='bbox 709 3341 916 3403; x_wconf 78' lang='lat' dir='ltr'>aucrou</span> <span class='ocrx_word' id='word_1_155' title='bbox 934 3310 1139 3431; x_wconf 86' lang='lat' dir='ltr'>diffitetur,</span> <span class='ocrx_word' id='word_1_156' title='bbox 1172 3323 1426 3432; x_wconf 86' lang='lat' dir='ltr'>methodum,</span> <span class='ocrx_word' id='word_1_157' title='bbox 1448 3321 1452 3336; x_wconf 68' lang='grc'><strong>“</strong></span> 
     </span>
     <span class='ocr_line' id='line_1_22' title="bbox 82 3437 1557 3588; baseline 0.001 -32"><span class='ocrx_word' id='word_1_158' title='bbox 82 3501 161 3585; x_wconf 90' lang='lat' dir='ltr'>qua</span> <span class='ocrx_word' id='word_1_159' title='bbox 182 3469 285 3583; x_wconf 89' lang='lat' dir='ltr'>Cap.</span> <span class='ocrx_word' id='word_1_160' title='bbox 309 3465 364 3555; x_wconf 86' lang='lat' dir='ltr'>X.</span> <span class='ocrx_word' id='word_1_161' title='bbox 384 3483 701 3550; x_wconf 86' lang='lat' dir='ltr'>momentaneae</span> <span class='ocrx_word' id='word_1_162' title='bbox 721 3466 814 3588; x_wconf 86' lang='lat' dir='ltr'>axis</span> <span class='ocrx_word' id='word_1_163' title='bbox 837 3469 1085 3553; x_wconf 85' lang='lat' dir='ltr'>mutationes</span> <span class='ocrx_word' id='word_1_164' title='bbox 1107 3437 1341 3579; x_wconf 84' lang='lat' dir='ltr'>eliciulrtur,</span> <span class='ocrx_word' id='word_1_165' title='bbox 1376 3501 1426 3558; x_wconf 85' lang='lat' dir='ltr'>ea</span> <span class='ocrx_word' id='word_1_166' title='bbox 1553 3473 1557 3480; x_wconf 79' lang='grc'><strong>’</strong></span> 
     </span>
     <span class='ocr_line' id='line_1_23' title="bbox 80 3606 1425 3734; baseline 0.003 -32"><span class='ocrx_word' id='word_1_167' title='bbox 80 3648 162 3704; x_wconf 89' lang='lat' dir='ltr'>non</span> <span class='ocrx_word' id='word_1_168' title='bbox 182 3613 363 3731; x_wconf 83' lang='lat' dir='ltr'>gaudere</span> <span class='ocrx_word' id='word_1_169' title='bbox 383 3612 607 3718; x_wconf 79' lang='lat' dir='ltr'>euidentia,</span> <span class='ocrx_word' id='word_1_170' title='bbox 637 3633 682 3694; x_wconf 91' lang='lat' dir='ltr'>ut</span> <span class='ocrx_word' id='word_1_171' title='bbox 704 3613 756 3696; x_wconf 90' lang='lat' dir='ltr'>ab</span> <span class='ocrx_word' id='word_1_172' title='bbox 778 3614 972 3697; x_wconf 86' lang='lat' dir='ltr'>omnibus</span> <span class='ocrx_word' id='word_1_173' title='bbox 997 3613 1129 3701; x_wconf 89' lang='lat' dir='ltr'>dubiis</span> <span class='ocrx_word' id='word_1_174' title='bbox 1152 3606 1425 3734; x_wconf 79' lang='lat' dir='ltr'>satexpedite</span> 
     </span>
     <span class='ocr_line' id='line_1_24' title="bbox 79 3754 1426 3892; baseline 0.003 -42"><span class='ocrx_word' id='word_1_175' title='bbox 79 3754 244 3852; x_wconf 84' lang='lat' dir='ltr'>liberari</span> <span class='ocrx_word' id='word_1_176' title='bbox 256 3781 393 3876; x_wconf 89' lang='lat' dir='ltr'>queat,</span> <span class='ocrx_word' id='word_1_177' title='bbox 406 3783 530 3874; x_wconf 84' lang='lat' dir='ltr'>quam</span> <span class='ocrx_word' id='word_1_178' title='bbox 540 3757 655 3842; x_wconf 74' lang='lat' dir='ltr'>Artis</span> <span class='ocrx_word' id='word_1_179' title='bbox 671 3761 788 3872; x_wconf 87' lang='lat' dir='ltr'>periti</span> <span class='ocrx_word' id='word_1_180' title='bbox 804 3763 949 3844; x_wconf 86' lang='lat' dir='ltr'>contra</span> <span class='ocrx_word' id='word_1_181' title='bbox 964 3761 1138 3892; x_wconf 82' lang='lat' dir='ltr'>eandem</span> <span class='ocrx_word' id='word_1_182' title='bbox 1154 3793 1324 3853; x_wconf 87' lang='lat' dir='ltr'>movere</span> <span class='ocrx_word' id='word_1_183' title='bbox 1340 3766 1426 3884; x_wconf 79' lang='lat' dir='ltr'>pos·</span> 
     </span>
     <span class='ocr_line' id='line_1_25' title="bbox 82 3891 1425 4036; baseline 0.001 -37"><span class='ocrx_word' id='word_1_184' title='bbox 82 3914 177 3998; x_wconf 88' lang='lat' dir='ltr'>sent.</span> <span class='ocrx_word' id='word_1_185' title='bbox 237 3909 315 3997; x_wconf 87' lang='lat' dir='ltr'>His</span> <span class='ocrx_word' id='word_1_186' title='bbox 340 3908 444 3993; x_wconf 88' lang='lat' dir='ltr'>adeo</span> <span class='ocrx_word' id='word_1_187' title='bbox 465 3907 783 4036; x_wconf 74' lang='lat' dir='ltr'>praegnantibus</span> <span class='ocrx_word' id='word_1_188' title='bbox 806 3909 1033 3993; x_wconf 86' lang='lat' dir='ltr'>rationibus</span> <span class='ocrx_word' id='word_1_189' title='bbox 1052 3891 1287 4000; x_wconf 77' lang='lat' dir='ltr'>commotus</span> <span class='ocrx_word' id='word_1_190' title='bbox 1312 3919 1425 4029; x_wconf 79' lang='lat' dir='ltr'>inge-</span> 
     </span>
     <span class='ocr_line' id='line_1_26' title="bbox 83 4027 1424 4174; baseline -0.009 -30"><span class='ocrx_word' id='word_1_191' title='bbox 83 4027 322 4146; x_wconf 81' lang='lat' dir='ltr'>niosrlltmus</span> <span class='ocrx_word' id='word_1_192' title='bbox 336 4069 535 4154; x_wconf 70' lang='lat' dir='ltr'>auctoru</span> <span class='ocrx_word' id='word_1_193' title='bbox 553 4053 664 4138; x_wconf 84' lang='lat' dir='ltr'>idum</span> <span class='ocrx_word' id='word_1_194' title='bbox 681 4052 892 4166; x_wconf 87' lang='lat' dir='ltr'>problema</span> <span class='ocrx_word' id='word_1_195' title='bbox 909 4053 1059 4170; x_wconf 90' lang='lat' dir='ltr'>iuCap.</span> <span class='ocrx_word' id='word_1_196' title='bbox 1072 4055 1170 4148; x_wconf 74' lang='lat' dir='ltr'>XV.</span> <span class='ocrx_word' id='word_1_197' title='bbox 1184 4065 1295 4174; x_wconf 83' lang='lat' dir='ltr'>quod</span> <span class='ocrx_word' id='word_1_198' title='bbox 1309 4067 1349 4146; x_wconf 81' lang='lat' dir='ltr'>in</span> <span class='ocrx_word' id='word_1_199' title='bbox 1365 4067 1424 4148; x_wconf 76' lang='lat' dir='ltr'>jn..</span> 
     </span>
     <span class='ocr_line' id='line_1_27' title="bbox 86 4199 1544 4323; baseline 0.003 -34"><span class='ocrx_word' id='word_1_200' title='bbox 86 4229 203 4322; x_wconf 86' lang='lat' dir='ltr'>tegro</span> <span class='ocrx_word' id='word_1_201' title='bbox 216 4229 345 4319; x_wconf 82' lang='lat' dir='ltr'>opere</span> <span class='ocrx_word' id='word_1_202' title='bbox 359 4199 607 4294; x_wconf 84' lang='lat' dir='ltr'>ellmaxime</span> <span class='ocrx_word' id='word_1_203' title='bbox 621 4199 962 4314; x_wconf 79' lang='lat' dir='ltr'>notatudignum,</span> <span class='ocrx_word' id='word_1_204' title='bbox 984 4202 1036 4314; x_wconf 78' lang='lat' dir='ltr'>qe</span> <span class='ocrx_word' id='word_1_205' title='bbox 1050 4231 1163 4296; x_wconf 88' lang='lat' dir='ltr'>novo</span> <span class='ocrx_word' id='word_1_206' title='bbox 1178 4213 1428 4323; x_wconf 73' lang='lat' dir='ltr'>pertrailare</span> <span class='ocrx_word' id='word_1_207' title='bbox 1539 4221 1544 4228; x_wconf 84' lang='lat'>&#39;</span> 
     </span>
     <span class='ocr_line' id='line_1_28' title="bbox 853 4338 1478 4467; baseline 0.018 -32"><span class='ocrx_word' id='word_1_208' title='bbox 853 4338 882 4435; x_wconf 86' lang='lat' dir='ltr'>d</span> <span class='ocrx_word' id='word_1_209' title='bbox 987 4443 990 4448; x_wconf 71' lang='grc'><em>,</em></span> <span class='ocrx_word' id='word_1_210' title='bbox 1232 4355 1423 4467; x_wconf 89' lang='lat' dir='ltr'>·voluit,</span> <span class='ocrx_word' id='word_1_211' title='bbox 1473 4439 1478 4446; x_wconf 89' lang='lat'><em>.</em></span> 
     </span>
    </p>
   </div>
   <div class='ocr_carea' id='block_1_3' title="bbox 0 0 1940 5012">
    <p class='ocr_par' dir='ltr' id='par_1_3' title="bbox 0 0 1940 5012">
     <span class='ocr_line' id='line_1_29' title="bbox 0 0 1940 5012; baseline 0 1"><span class='ocrx_word' id='word_1_212' title='bbox 0 0 1940 5012; x_wconf 95' lang='lat' dir='ltr'> </span> 
     </span>
    </p>
   </div>
  </div>
 </body>
</html>
