3792 5020
489 347 572 460 ue
598 345 727 442 cua.
740 340 821 442 xt.
848 339 932 434 na
945 331 1361 434 uorurraaao
1376 262 1813 484 coaaouuuaa.

591 647 679 741 704.
708 645 913 743 Quinetiam
935 640 1106 744 iiiafitper
1125 646 1207 716 viret
1229 651 1377 716 extensae
1390 633 1558 726 accedant,
1584 659 1726 740 quarum
1738 636 1849 712 media

477 751 625 828 ⁸‘dir‘edlio
640 775 701 849 per
718 767 868 821 centrum
890 750 1021 820 inertiae
1036 740 1187 830 trauseat,
1212 749 1249 816 iis
1262 739 1349 840 lolua
1365 739 1703 842 motuszpmgreffivus
1717 737 1848 840 perinde

490 851 664 936 efficietur,
695 875 732 922 ac
752 845 775 922 fi
796 867 863 920 tota
876 853 1024 948 corporis
1037 841 1135 920 malla
1148 839 1183 918 in
1197 843 1257 916 isso
1272 841 1382 916 ceolro
1396 835 1472 916 ess'et
1484 839 1636 934 colleda;
1663 863 1779 915 motus
1792 867 1848 914 au·

491 976 559 1028 tem
567 955 760 1126 lpyratoriue
780 949 924 1020 manebit
943 943 1136 1036 uniformia,
1167 967 1200 1020 et
1212 951 1280 1020 axis
1290 949 1472 1048 gynaecia
1483 941 1665 1020 maroam
1675 941 1779 1022 fitam
1792 941 1846 1045 sibl

490 1079 565 1156 para
591 1051 681 1130 eluut
704 1045 912 1168 conservabit.
978 1103 979 1106 ,

725 1359 733 1375 ,
846 1321 849 1326 ¹
959 1302 1376 1384 SCHOLION.

529 1459 534 1470 '
592 1469 685 1550 70¹5.·
714 1447 804 1520 Cum
825 1446 1009 1518 etiamnum
1040 1447 1123 1520 viret
1146 1437 1351 1520 sollicitantes
1381 1463 1610 1516 removeamur
1630 1457 1662 1516 et
1688 1443 1726 1514 in
1742 1433 1844 1516 solam

446 1547 448 1552 ’
490 1568 603 1630 motus
624 1544 767 1646 iniprelli
794 1547 1317 1646 continuationeminquirar'nur,
1354 1563 1466 1616 tuetur
1486 1547 1640 1614 omnium
1664 1567 1843 1641 corporum

452 1675 458 1687 ’
490 1656 589 1754 primi
609 1654 736 1750 generia
758 1643 896 1748 perfede
914 1641 1141 1728 delinivimus,
1174 1640 1209 1718 ul
1222 1645 1302 1719 nihil
1314 1643 1452 1745 atnpliua
1465 1641 1633 1718 desederari
1647 1640 1763 1744 podir:
1790 1671 1858 1743 ptos
1888 1679 1889 1738 }

491 1751 621 1851 reliquis
641 1768 750 1824 autern
768 1746 957 1846 corporibus
976 1747 1040 1848 iarn
1061 1765 1185 1846 partem
1205 1745 1246 1818 ali
1270 1771 1346 1818 uam
1368 1743 1610 1847 expedivimus,
1665 1744 1778 1818 arando
1791 1742 1845 1820 [ei-
1888 1743 1889 1748 ’

491 1852 566 1928 licet
588 1870 697 1924 motus
716 1854 897 1952 gyratoriua
917 1851 1061 1946 primum
1078 1771 1387 1947 impreil‘utlitcirca
1400 1871 1494 1920 axem
1508 1772 1741 1946 principalem,
1790 1873 1845 1922 uae

490 1951 624 2056 quidem
643 1950 869 2040 determinatio
895 1972 954 2049 per
975 1954 1105 2047 cognita
1129 1952 1194 2040 jam
1216 1947 1339 2046 pridem
1359 1943 1491 2033 subsidia
1511 1950 1713 2036 mechanica·
1727 1873 1845 2033 ablolri

491 2053 612 2160 putuit.
663 2055 708 2152 ‘ln
727 2052 795 2124 aliis
815 2075 894 2149 ergo
914 2075 1088 2150 corporum
1108 2052 1280 2150 generibus
1299 2047 1468 2123 difficultas
1487 2070 1559 2121 tum
1578 2046 1715 2122 demum
1730 2075 1844 2124 occur·
1888 2053 1889 2146 g

492 2163 551 2242 rit,
582 2150 713 2255 quande
733 2158 861 2252 corpori
882 2155 1028 2250 primuni
1048 2171 1159 2225 motus
1174 2156 1356 2250 gyratorius
1371 2178 1440 2223 non
1453 2157 1533 2224 circa
1547 2157 1738 2248 quempiam
1752 2177 1844 2228 axem
1888 2149 1889 2202 l

440 2289 448 2320 a
488 2253 702 2360 principalem
723 2257 940 2352 imprimitur:
979 2250 1019 2324 ad
1036 2249 1124 2352 quod
1145 2257 1315 2348 negotium
1337 2247 1596 2354 pertradlaudum
1622 2257 1767 2350 primum
1788 2283 1844 2356 pe
1888 2295 1889 2342 p

491 2357 610 2434 caliate
628 2379 733 2455 genua
752 2349 955 2445 constituam¹
970 2377 1087 2426 eorum
1112 2377 1308 2454 corporum,
1346 2359 1380 2426 in
1407 2355 1523 2453 quibus
1548 2349 1616 2426 dato
1634 2350 1843 2442 dantur,'mc-

490 2453 750 2534 menta'inertiae
762 2448 904 2624 respeclu
923 2457 1032 2526 axium
1046 2453 1271 2554 principalium
1285 2453 1437 2558 aequalia.
1487 2451 1587 2539 Quod
1601 2479 1718 2554 genua,
1745 2481 1843 2554 prae·

488 2580 639 2659 terquarn
660 2553 749 2657 quod
768 2581 803 2627 ca
819 2551 911 2630 culus
929 2553 1014 2628 haud
1035 2552 1241 2630 mediocriter
1259 2560 1474 2640 contrahitur,
1510 2559 1575 2629 hoc
1595 2554 1763 2628 commodi
1779 2561 1843 2630 iia·
1888 2597 1889 2612 t

340 2696 344 2702 ·
394 2745 398 2753 ¹
490 2655 563 2749 bet,
595 2677 631 2732 ut
651 2663 685 2730 in
703 2683 745 2741 eo
764 2651 870 2728 adhuc
893 2651 1010 2728 infiniti
1025 2655 1140 2730 dentur
1151 2682 1225 2730 axes
1239 2655 1450 2757 principales,
1475 2663 1517 2730 ita
1533 2679 1567 2730 ut
1582 2653 1718 2736 infinitis
1732 2657 1841 2735 modis

391 2799 400 2808 ·
491 2757 651 2855 eiusmodi
669 2775 798 2839 naonis,
830 2753 959 2856 qualem
978 2759 1042 2847 jam
1063 2755 1291 2845 definivimus,
1329 2755 1461 2832 exiliere
1482 2755 1597 2857 poilit3
1634 2783 1712 2830 cum
1730 2780 1842 2835 contra
1888 2745 1889 2822 l

360 2861 364 2868 ’
422 2903 427 2911 ·
489 2867 639 2938 interno
661 2882 796 2960 genere,
841 2863 875 2929 ia
902 2858 970 2956 quo
996 2877 1164 2932 ntomenta
1190 2857 1372 2959 principalia
1399 2866 1482 2933 inter
1508 2855 1631 2934 selant
1654 2863 1845 2961 inaequalia,

489 2982 616 3066 praeter
632 2979 695 3034 trec
714 2983 789 3032 axec
808 2955 1035 3058 determinatos
1053 2957 1162 3032 nullus
1181 2958 1259 3032 alim
1274 2961 1380 3047 detur,
1406 2967 1487 3036 cirea
1499 2987 1598 3062 quern
1612 2987 1730 3064 eorpus
1743 2961 1845 3039 libere
1888 2985 1889 3048 t

491 3069 601 3168 gyrari
620 3077 727 3162 queat.
785 3061 823 3131 lu
842 3061 892 3132 hit
909 3064 1005 3158 igitur
1017 3062 1187 3160 generibus
1199 3059 1231 3132 id
1245 3061 1339 3135 uobis
1353 3059 1397 3135 eli
1410 3059 1632 3162 propolitum,
1658 3083 1693 3136 ut
1706 3070 1843 3166 quicun-
1888 3063 1889 3130 l

490 3192 556 3268 que
575 3183 684 3236 motus
709 3159 822 3233 talibus
844 3163 1033 3260 corporibus
1057 3156 1152 3236 fuerit
1172 3156 1367 3261 irnprell'tu,
1404 3169 1470 3255 ejus
1490 3163 1773 3240 continuationem
1795 3173 1843 3240 in-
1888 3179 1889 3224 i

489 3263 701 3366 vestigemus:
738 3261 792 3332 ubi
813 3257 853 3332 ad
871 3259 1006 3359 quodvis
1026 3284 1152 3362 tenipus
1174 3269 1283 3361 primo
1299 3261 1416 3367 politio
1434 3270 1498 3337 axia
1517 3271 1694 3368 gundenis
1715 3275 1843 3344 ratione

489 3370 600 3440 axium
626 3359 852 3463 principalium
877 3367 1023 3460 cojrporie
1050 3389 1127 3436 cum
1147 3363 1305 3437 celeritate
1326 3391 1366 3438 aa
1391 3363 1489 3450 ulari,
1526 3365 1641 3440 deinde
1663 3391 1741 3441 vero
1764 3369 1843 3446 sune

488 3461 632 3569 ipsorum
664 3465 773 3541 axium
798 3462 1024 3562 principalium
1053 3471 1178 3536 ratione
1204 3459 1291 3564 spatii
1316 3391 1450 3540 abilina
1473 3465 1676 3541 determinari
1702 3467 1844 3561 debebit,

488 3573 547 3670 qui
571 3563 691 3638 modus
711 3565 777 3635 hoc
792 3559 927 3635 arduum
946 3585 1176 3663 argumentum
1203 3565 1356 3638 tradendi
1376 3573 1519 3642 maxime
1542 3568 1667 3641 uidetur
1691 3568 1842 3662 idoneus,

488 3677 557 3742 rain
576 3665 616 3740 ad
641 3662 803 3739 calculum
824 3661 1057 3750 evolvendum,
1088 3691 1189 3766 quana
1202 3663 1242 3739 ad
1255 3663 1355 3766 ipsam
1368 3673 1591 3768 cognitionem
1606 3667 1749 3743 nollram
1768 3673 1842 3746 illu·

486 3765 661 3842 ssraudam.
725 3762 776 3837 Ad
798 3785 978 3865 urnamque
1003 3785 1112 3842 autem
1136 3773 1171 3842 in
1195 3768 1457 3870 praecedentibus
1487 3773 1642 3872 captain
1667 3756 1841 3856 neceffnie

1342 3917 1347 3926 .
1888 3887 1889 3932 t

487 3867 680 3974 adminicula
692 3861 920 3969 ,exposuimua

1632 4475 1838 4582 carui·
