3872 5012
245 305 330 400 uu
353 303 653 402 turmula·
672 273 893 403 uoruo
909 249 1232 406 Putuouus.
1302 307 1426 432 tq

18 555 20 564 =
65 507 188 586 dicium
213 505 361 590 tollatur,
381 501 522 582 -necelsc
547 505 603 584 erl.
654 511 788 582 Verum.
802 505 931 582 tametsi
951 535 1013 582 noe
1033 507 1180 610 'quietem
1202 509 1256 593 'vel
1276 503 1416 587 ¹morum

63 617 249 712 cuiuspiam
265 615 424 709 *corporit
446 635 512 682 nou
540 607 598 682 nili
623 636 662 684 ex
687 610 841 684 relatione
865 615 931 701 ejus
950 612 990 684 atl
1015 611 1074 684 elia
1092 633 1228 708 corporo
1244 612 1416 714 ‚cognosci-

63 741 159 800 mm,
184 711 259 788 inde
279 733 389 785 tamen
409 710 599 799 concludere
618 739 687 785 uon
703 711 795 804 licet,
820 715 878 786 has
897 739 947 786 res
967 719 1000 786 in
1021 711 1053 786 se
1072 710 1152 785 urhis
1173 709 1259 797 else,
1290 735 1417 814 praeter
1461 757 1463 762 ·

62 833 192 892 rueram
214 816 405 888 relationem
427 819 459 884 in
485 835 593 888 tuente
613 812 806 896 iuslitutam,
836 813 980 916 nihilque
1001 819 1034 887 in
1054 809 1126 914 ipfit
1146 817 1336 915 corporibus
1362 822 1415 887 in·

62 913 147 1000 else,
173 914 263 1018 quod
285 912 362 988 ideit
383 914 496 988 nollris
516 920 630 1016 quierit
652 938 688 988 ac
707 935 817 988 motus
835 911 1035 1016 respondeat,
1085 919 1303 1010 Quantitatem
1324 923 1416 1017 quip-

61 1019 105 1122 pe
120 1021 217 1104 nohis
232 1023 328 1092 etiam
356 1014 482 1089 aliunde
502 1013 696 1116 cognoscere
716 1017 895 1100 nonlicet,
929 1017 987 1092 nist
1015 1041 1053 1090 ex
1079 1024 1338 1117 comparatione:
1365 1037 1414 1090 ta·

45 1117 297 1198 men'sublutis
317 1121 380 1204 his,
406 1115 594 1218 quibuscum
615 1124 894 1220 comparationem
920 1117 1180 1204 inslitnebotunr,
1220 1123 1254 1191 in
1274 1145 1412 1220 corpore

60 1243 176 1298 tamen
196 1219 382 1320 relinquitur
398 1215 489 1322 quast
511 1213 761 1292 fundamentum
788 1224 989 1321 quantitatis,
1030 1225 1187 1319 quoniam
1208 1219 1232 1294 si
1251 1226 1282 1292 in
1308 1223 1412 1313 majus

60 1323 286 1400 extenderetur
308 1319 356 1392 tel
377 1318 419 1414 in*
437 1327 546 1394 minus
566 1325 822 1405 contraheretur,
838 1315 925 1402 ,veta
955 1329 1091 1395 mutatio
1112 1327 1145 1394 iu
1164 1347 1205 1420 eo
1231 1319 1312 1396 sada
1336 1317 1413 1396 ell'et

59 1421 229 1504 censenda.
289 1426 333 1494 lta
361 1419 384 1492 st
413 1424 513 1508 etiam,
539 1426 670 1497 uuicuut
695 1448 813 1522 corpus
839 1421 1002 1508 exisleret,
1045 1421 1080 1509 id
1098 1423 1148 1498 vel
1177 1418 1335 1524 quiescere
1359 1413 1415 1512 cel
1497 1491 1501 1502 ,

59 1519 282 1606 ιιιονιιὶ,ι[Ῐει
296 1521 490 1614 dicendum3
514 1551 591 1598 curn
608 1551 713 1624 neque
734 1545 908 1625 utrumque
922 1521 1035 1608 simul,
1061 1551 1166 1626 neque
1180 1545 1333 1600 nentrum
1352 1516 1412 1598 sla·

60 1633 110 1706 tui
127 1625 232 1730 posfit,
282 1625 381 1698 Unde
394 1623 573 1708 concludo,
598 1631 738 1726 quierem
753 1646 785 1700 et
807 1649 936 1699 motum
959 1653 1027 1700 nou
1049 1621 1110 1701 esse
1134 1653 1239 1708 merae
1258 1653 1307 1700 res
1324 1625 1411 1699 idea·
1616 1711 1622 1718 ι

59 1732 125 1817 les,
153 1755 192 1808 ex
213 1721 540 1828 comparationcsola
560 1745 667 1813 natas,
693 1731 733 1800 ita
757 1747 793 1799 ut
821 1727 860 1798 in'
880 1725 954 1826 ipsu
974 1727 1161 1829 corporibus
1184 1727 1282 1815 uila'l,
1317 1725 1411 1828 quod
1482 1801 1487 1806 .
1554 1807 1558 1810 ,

59 1839 99 1906 iis
114 1827 303 1932 respoudeat
315 1826 404 1917 instt3
430 1825 482 1901 sed
495 1827 535 1901 de
549 1853 685 1928 corpore
698 1832 792 1901 ctiam
807 1823 947 1902 solitario
959 1831 1045 1902 reue
1057 1833 1166 1928 quaeri
1175 1824 1279 1928 posse,
1299 1849 1414 1916 utrum¹
1432 1875 1441 1884 ν

60 1925 251 2012 moveatur,
277 1957 317 2007 au
340 1931 497 2030 quiescat?
519 1930 573 2032 uhi
595 1927 744 2028 equidem
766 1955 823 2003 eos
838 1925 1075 2028 Philosophus,
1099 1935 1155 2030 qui
1172 1937 1283 2002 omnia
1303 1928 1343 2000 ad
1362 1943 1412 2001 re-'

60 2035 196 2110 latioucs
218 2052 389 2118 revocant,
423 2034 558 2104 minime
579 2025 788 2132 pertimesco,
820 2057 897 2102 cunr
921 2027 1163 2120 iidetutantum
1182 2035 1289 2118 motui
1309 2029 1416 2116 tribu«

63 2159 134 2228 aut,
159 2126 203 2234 ut]
215 2139 250 2208 iu
270 2136 302 2206 a'i
321 2136 457 2208 metrice
476 2138 572 2243 etiam
593 2129 712 2234 aliquid
732 2126 1136 2233 substantiale-agnoscant.
1315 2127 1366 2134 ....

472 2357 1017 2492 exauratam-22·
1076 2423 1088 2452 ’ν

168 2562 229 2638 80.
252 2549 342 2622 Cum
360 2571 438 2646 ergo
458 2549 555 2624 etiaut
574 2543 623 2620 de·
636 2551 734 2620 unico
753 2573 906 2646 corpore,
919 2547 1022 2620 mullo
1043 2545 1159 2624 adalia
1178 2549 1287 2624 habito
1308 2544 1410 2650 respe.

62 2653 139 2735 dn,
175 2649 226 2723 vel
247 2654 297 2723 his
315 2645 397 2719 adeo
418 2647 617 2730 annihilatio,
648 2644 733 2718 recle
749 2655 863 2816 quaeri
882 2647 993 2747 pulsu,
1028 2647 1165 2751 quiescat
1182 2678 1241 2734 uc,
1267 2677 1308 2723 an
1334 2678 1408 2724 ruo·

61 2755 194 2828 ceatur?
226 2749 412 2820 alterutrum
440 2740 613 2820 necessario
633 2743 724 2828 slatul
771 2749 850 2825 eber.
900 2749 1010 2830 Qualis
1031 2770 1137 2824 antem
1158 2755 1224 2825 haec
1244 2749 1347 2824 sutura
1370 2750 1409 2824 fir

62 2861 171 2956 quies,
195 2846 333 2951 qualisve
353 2853 405 2920 hic
427 2853 555 2920 motus?
577 2871 652 2919 cnm
673 2853 809 2922 mutatio
830 2845 905 2921 htus
925 2845 1217 2952 rospedlurtliotutu
1232 2879 1408 2951 corporum

63 2961 114 3030 hie
135 2953 264 3026 nullum
285 2955 424 3022 iuveniat
444 2946 576 3035 locum,
602 2975 643 3024 ne
662 2954 803 3050 cogitare
824 2949 953 3049 quidem
970 2946 1159 3049 posl'omua,
1191 2953 1249 3024 nih
1271 2951 1408 3053 spatium
1502 2952 1504 2956 ’

64 3054 244 3130 absolutum
267 3049 492 3136 admittamus,
539 3053 573 3120 iu
592 3048 827 3149 quonoslrum
852 3057 970 3149 corpus
998 3049 1108 3122 locum
1128 3054 1291 3148 quendam
1311 3081 1411 3129 occu·

66 3179 132 3257 pet,
157 3153 296 3253 indeque
315 3159 348 3224 in
367 3150 425 3222 ulia
446 3149 516 3222 loca
537 3149 668 3223 transtra
687 3147 795 3250 pollit,
846 3153 1064 3246 Cum'cnim‚
1085 3147 1260 3228 secuudlr'rn
1273 3154 1409 3230 eosdem

68 3251 297 3355 Philosophus,
318 3258 373 3354 qui
397 3246 535 3350 spatium
555 3245 736 3324 absolutum
762 3257 903 3325 maxime
920 3257 1010 3351 impu
1038 3273 1130 3340 nant,
1161 3253 1413 3354 plurimum-itae

25 3381 27 3390 ’
67 3357 164 3445 tersu,
189 3373 299 3430 utrum
319 3378 437 3453 corpus
455 3352 632 3454 quodpiam
654 3371 839 3442 moveatur,
874 3379 916 3425 au
937 3279 1093 3453 quiescat?
1136 3355 1229 3426 nullo
1249 3362 1345 3430 etiam
1367 3355 1417 3430 ad'

68 3459 124 3532 alia
141 3482 276 3558 corpora
298 3451 439 3555 respediu
462 3453 570 3526 habito
588 3453 711 3540 dicatu,
747 3457 780 3525 in
805 3477 948 3555 quanam·
975 3453 1034 3527 alia
1061 3480 1095 3528 re
1114 3451 1282 3530 discrimen
1302 3455 1419 3530 eonst-⁸

69 3560 135 3641 slat,
187 3569 240 3632 hrt
259 3555 382 3658 dicent,
406 3554 438 3627 id
459 3580 576 3654 corpus
597 3563 867 3641 'revera-moveri,
911 3552 1000 3654 quod
1024 3553 1120 3628 litum
1144 3554 1236 3630 suum
1264 3553 1408 3656 respot‘lu

68 3669 246 3736 uicinorum
259 3663 423 3732 continuo
437 3660 695 3734 mutationum
714 3671 826 3730 'motus
846 3662 878 3729 in
898 3659 948 3731 hie
964 3661 1074 3729 vicinis
1089 3653 1185 3730 inesse
1206 3654 1335 3758 posset:
1349 3657 1409 3732 illo

70 3760 256 3864 quiescente.
308 3766 360 3832 hu
381 3762 659 3858 comparationem
678 3779 754 3829 cnm
771 3755 1035 3854 remotisjnslitui
1053 3761 1232 3857 oportebit?
1256 3757 1309 3832 led
1329 3786 1407 3832 curn

32 3867 179 3964 'quibus
199 3866 323 3959 primo?
345 3857 532 3934 deiudecur
551 3883 627 3930 cum
646 3853 729 3932 hisce
793 3863 874 3941 tius,
898 3876 1086 3960 quatu'cutu
1107 3857 1202 3932 aliisi·
1221 3856 1408 3960 Responde·
1507 3905 1514 3917 ·

32 3955 35 4043 l
71 3965 145 4038 bunt
165 3959 296 4036 tandem
314 3987 389 4034 cum
413 3958 543 4046 talibus,
561 3985 650 4059 quae
672 3985 730 4057 per
747 3883 959 4060 hoqurescnu.
1010 3959 1228 4035 Tutuautent
1245 3967 1410 4060 portoitt·
1462 3993 1468 4000 ·

34 4111 37 4154 ;
73 4085 215 4165 terrogo,
242 4087 310 4134 uon
328 4057 497 4160 quomodo
516 4087 577 4134 nos
598 4083 734 4158 corpora
752 4085 809 4160 per
827 4057 858 4132 se
878 4058 1066 4160 quiescentia
1087 4055 1318 4160 agnoscamus,
1355 4059 1409 4136 s'ed

73 4167 141 4266 qnid
160 4155 196 4240 stt
214 4187 273 4264 per
289 4157 322 4234 se
338 4159 512 4259 quiescere?
533 4157 664 4260 quaudo
683 4163 815 4260 quidem
837 4189 923 4236 nunc
943 4159 982 4234 ad
1004 4159 1252 4260 litutnaespei‘lu
1272 4163 1410 4238 aliorum

76 4294 138 4340 non
156 4266 294 4367 amplius
311 4257 486 4360 confugere
505 4255 590 4337 licet.
640 4265 811 4362 Cogentur
828 4289 908 4364 ergo
926 4262 1058 4336 tandem
1085 4263 1250 4353 confiteri,
1282 4291 1318 4338 ea
1341 4289 1412 4337 cor·
1435 4255 1438 4260 ’

78 4381 146 4468 p'ota
164 4394 219 4470 pet
238 4363 270 4441 sc
290 4358 469 4470 quiescere,
492 4369 624 4470 quaein
646 4365 763 4464 eodem
784 4360 874 4466 spatii
892 4363 967 4439 loco
980 4357 1196 4468 perseverent,
1221 4391 1319 4466 aquo
1333 4365 1410 4437 eunt

476 4479 480 4492 '
608 4482 612 4490 “
1297 4470 1410 4542 omnia
