3830 5016
493 204 636 406 ιιι,
860 247 1120 384 mpura
1194 285 1484 404 nuumu
1595 335 1616 371 2..
1707 217 1741 375 ι’

493 489 617 570 etiamfi
630 489 801 584 majoribus
813 490 930 561 uiribus
941 513 1010 562 uon
1025 483 1215 564 relillerenr.
1266 467 1310 558 lta
1324 492 1358 558 in
1372 481 1580 587 corporibru,
1603 479 1747 587 quorum
1762 511 1841 562 mo·

493 614 544 668 tua
564 599 616 668 hic
633 587 846 690 contemplari
865 588 1003 682 institui,
1036 587 1196 678 ejusmodi
1218 586 1402 660 llrucluram
1423 594 1625 689 partiumque
1640 613 1760 662 nexum
1783 589 1841 663 lla-

465 731 471 740 *
494 715 576 779 tuo,
604 699 660 794 qui
684 721 702 764 a
723 693 840 764 viribus
853 705 896 762 'ea
916 691 988 762 auu
1008 683 1245 762 sollicitantibus
1267 690 1383 760 turbari
1405 710 1562 789 nequeat,
1588 689 1618 763 id
1633 697 1771 764 minime
1784 719 1842 762 cu·

495 822 586 888 rans,
618 791 749 892 quaudo
767 793 806 862 ab
825 791 892 864 aliis
913 791 1030 862 viribus
1051 788 1262 866 afficerentur.
1315 793 1405 860 Hinc
1419 790 1457 860 ad
1472 796 1557 876 ures,
1572 787 1842 874 sollicitanturjaic

494 893 698 998 potiffim'run
719 899 776 966 crit
790 889 1041 973 attendendum,
1072 917 1209 992 quarunt
1228 886 1370 988 respedlu
1392 915 1525 990 corpora
1548 917 1607 990 pro
1626 891 1734 989 rigidis
1748 913 1843 965 erunt

495 995 658 1080 habenda,
698 1017 839 1092 quorum
858 1019 1035 1092 compages
1054 1017 1165 1065 cauma
1184 993 1302 1066 adlioui
1322 987 1393 1063 satis
1414 989 1548 1077 refillat,
1579 990 1708 1065 etiamst
1728 994 1843 1068 eadem

399 1085 401 1096 ¹
496 1097 641 1198 relpedlu
663 1094 798 1168 aliarum
818 1098 934 1166 virium
954 1099 1092 1167 minime
1113 1119 1171 1192 pro
1190 1090 1297 1194 rigidis
1316 1086 1414 1165 ellcnt
1434 1091 1587 1184 habenda
1637 1095 1719 1190 Fieri
1738 1099 1845 1195 itaque

496 1201 633 1300 poterit,
663 1215 699 1268 ut
712 1205 847 1293 corpora
863 1189 1045 1265 admodum
1063 1193 1173 1266 mollia
1191 1221 1227 1266 ac
1240 1192 1353 1266 debilia
1370 1192 1462 1265 nobis
1476 1189 1536 1266 lint
1550 1171 1667 1293 rigida,
1686 1193 1748 1268 ‘alia
1766 1204 1842 1268 veio

496 1325 556 1400 per
573 1293 604 1372 l'c
624 1297 730 1372 multo
749 1295 876 1379 duriora
894 1298 971 1368 hinc
988 1293 1113 1369 excludi
1127 1293 1271 1370 debcant.
1316 1297 1422 1378 Quare
1436 1291 1516 1366 dum
1533 1315 1643 1366 motus
1658 1296 1844 1386 hujusmodi

496 1424 677 1499 corporum
702 1393 945 1495 investigamus,
983 1400 1135 1483 invites,
1173 1397 1285 1495 quibus
1307 1418 1424 1465 eorum
1443 1420 1620 1494 compages
1640 1404 1780 1495 partium
1806 1425 1843 1469 ue

495 1505 663 1575 connexio
679 1495 832 1583 afficitur,
864 1491 975 1568 sedulo
994 1501 1110 1595 inquiri
1127 1500 1315 1582 conveniet,
1339 1515 1374 1566 ut
1395 1493 1630 1594 intelligamus,
1654 1425 1842 1596 quantalt·

497 1609 609 1676 mirate
630 1597 784 1697 streptis,
817 1617 851 1668 ut
873 1593 975 1695 figura
995 1593 1207 1678 conservetur,
1263 1599 1393 1692 ,Corpus
1408 1601 1505 1693 igitur
1518 1617 1553 1668 ut
1566 1594 1706 1695 rigidum
1724 1596 1841 1698 spedla·

497 1704 622 1783 bimus,
655 1699 785 1799 quaudo
804 1723 906 1771 nexus
928 1702 1009 1769 inter
1028 1702 1094 1786 ejus
1109 1722 1209 1796 partes
1221 1692 1292 1771 satis
1306 1693 1349 1769 cll
1363 1693 1496 1780 firmus,
1518 1715 1553 1768 ιιι
1569 1724 1610 1770 ne
1625 1695 1691 1770 duo
1710 1699 1842 1798 quidem

476 1799 479 1811 '
497 1802 656 1882 clementa
670 1827 686 1870 a
700 1799 834 1890 viribus,
858 1825 936 1898 quar
949 1799 1020 1872 adiu
1035 1795 1178 1888 tirssinet,
1204 1796 1255 1874 ael
1268 1799 1400 1898 propius
1414 1791 1497 1896 adse
1512 1803 1652 1873 iuviccm
1666 1807 1759 1904 cogi,
1795 1799 1841 1874 rel

498 1901 628 2005 lougius
648 1927 666 1974 a
685 1894 717 1976 se
735 1897 876 1976 inuicem
888 1897 995 1976 diuelli
1010 1909 1140 2002 queant·v
1393 1903 1411 1914 ”
1757 1943 1765 1954 ·

606 2039 610 2047 .
700 2013 710 2047 ἱ

950 2120 1399 2235 scuozrou

602 2297 688 2382 264.
714 2295 844 2394 Corpus
862 2317 942 2393 crgo
961 2290 1103 2392 rigidum
1122 2293 1222 2365 alium
1241 2311 1372 2392 motum
1389 2298 1529 2394 recipere
1549 2298 1678 2395 nequir,
1705 2291 1765 2368 nili
1778 2291 1844 2396 quo

499 2392 613 2472 omnia
635 2399 700 2485 eiua
719 2396 838 2495 puncla
855 2395 984 2467 easdem
1010 2415 1165 2492 perpetuo
1185 2401 1266 2468 inter
1286 2390 1316 2468 se
1335 2393 1493 2470 dillantiaa
1513 2395 1715 2469 conservant:
1754 2401 1844 2469 nihi·
1899 2483 1901 2490 y

501 2495 628 2575 loreto
650 2504 758 2570 miuus
776 2493 837 2568 tale
852 2521 969 2592 corpus
981 2493 1186 2569 infinitorum
1201 2485 1357 2570 motuum
1370 2481 1414 2569 cll
1427 2523 1542 2596 capax,
1565 2495 1643 2568 dum
1656 2499 1744 2568 eninr
1758 2496 1845 2570 adeo

500 2591 606 2672 tutum
627 2597 756 2697 aliquod
775 2601 839 2688 ejus
857 2595 1017 2700 ptqndlum
1037 2593 1194 2696 quiescit,‘
1215 2595 1300 2672 aliud
1318 2623 1374 2696 per
1389 2595 1677 2672 circumferentiam
1694 2591 1844 2695 sphaerae

499 2691 697 2773 circumferri
724 2693 844 2796 potcll,
883 2718 914 2770 et
939 2695 1238 2798 quomodocunque
1262 2702 1325 2771 hoc
1343 2721 1526 2784 moveatur,
1565 2705 1691 2772 tertium
1712 2695 1844 2796 aliquod

499 2801 662 2900 puudlum
687 2795 749 2871 five
767 2797 901 2874 celerius
918 2798 983 2870 live
1002 2795 1117 2870 tardius
1132 2805 1256 2872 moveri
1274 2799 1393 2900 potest,
1419 2819 1454 2870 ut
1468 2820 1576 2870 tameo
1590 2799 1630 2870 ab
1641 2797 1704 2871 illia
1715 2797 1841 2870 duobus

495 2901 620 2976 debitas
637 2899 795 2973 distantias
812 2892 922 2974 servet.
973 2901 1023 2969 Ex
1037 2923 1104 3000 quo
1120 2898 1324 2999 intelligitur,
1348 2898 1511 2972 srnullunt
1527 2899 1683 2998 pundlum
1698 2894 1844 2998 quiescat,

498 3001 605 3076 adhuc
622 2999 728 3074 multo
748 3003 907 3090 majorem
924 2996 997 3073 fore
1018 3018 1171 3072 motuum
1193 3001 1479 3099 multiplicitatem,
1509 3005 1563 3100 qui
1584 2998 1715 3100 quidem
1730 3005 1763 3072 in
1778 3023 1842 3072 cor·
1899 3091 1900 3098 ἵ

498 3127 581 3204 pore
601 3099 699 3176 inclle
719 3099 853 3200 polllnt:
881 3107 1016 3198 cognito
1034 3123 1141 3174 autem
1162 3107 1257 3174 trium
1279 3103 1478 3200 pundlorum
1496 3127 1565 3172 uon
1586 3106 1619 3172 in
1633 3099 1842 3174 diredlumll·
1898 3137 1900 3212 q

499 3221 610 3276 torum
630 3223 742 3282 motu,
774 3201 972 3301 reliquorum
993 3206 1144 3274 omnium
1164 3203 1228 3274 hoc
1253 3201 1297 3273 cll
1318 3222 1429 3275 motus
1447 3205 1544 3276 totius
1559 3207 1703 3300 corporis
1717 3210 1841 3276 innota·
1899 3237 1900 3320 q

498 3289 567 3378 scit.
632 3301 718 3376 lnter
739 3327 861 3386 οιιιιιιιιι
876 3323 985 3372 autem
1006 3305 1068 3372 hos
1089 3321 1197 3373 motus
1218 3308 1244 3374 ir
1263 3299 1308 3374 est
1328 3299 1592 3400 fimplicisslmus,
1630 3329 1697 3402 quo
1722 3301 1840 3402 fingulr

500 3399 645 3502 corporis
665 3402 781 3500 pundla
801 3396 976 3474 secundum
996 3399 1186 3474 directiones
1205 3408 1288 3473 inter
1305 3398 1337 3475 se
1359 3399 1521 3503 parallelas
1542 3403 1668 3504 paribus
1684 3403 1841 3480 celeritati·

499 3503 562 3576 buc
584 3505 700 3603 quovis
720 3508 875 3600 temporis
896 3521 1069 3575 momento
1088 3521 1339 3601 promoventur:
1372 3502 1423 3575 tali
1445 3511 1532 3576 euim
1549 3523 1642 3576 motu
1658 3499 1732 3578 fitur
1746 3505 1840 3579 relati·

500 3629 562 3678 um
580 3607 735 3677 omnium
754 3601 975 3703 particulamm
997 3610 1184 3702 numquam
1204 3603 1355 3678 turbatur.
1408 3609 1839 3708 uuquelrocmotucgenm,
1898 3683 1899 3686 ,

501 3703 591 3806 quod
605 3711 639 3780 in
651 3709 763 3781 omnia
775 3726 911 3806 corpora
925 3701 1046 3794 eadit„
1056 3709 1230 3780 accuratius
1243 3705 1518 3810 contemplemur.
1626 3789 1630 3798 ¹

888 3913 1388 4041 nnnrurr‘ro.
1432 3983 1463 4034 ι.

607 4067 694 4184 2652
718 4089 833 4162 Mutat
850 4091 1062 4190 progr-effictus
1085 4089 1148 4179 eu,
1186 4115 1252 4196 quo
1278 4095 1397 4196 lingula
1416 4099 1561 4195 corporis
1580 4095 1696 4198 quuc'la
1716 4097 1837 4197 paribus

502 4183 710 4278 'celerioribus
733 4187 906 4268 secundum
925 4191 1115 4300 diredlioucc
1128 4199 1217 4288 ,inter
1235 4192 1267 4271 se
1286 4196 1453 4300 parallelas,
1469 4204 1583 4302 quous
1599 4183 1754 4300 temporis*
1770 4221 1839 4270 mo·
1897 4289 1898 4292 Ἴ

501 4312 871 4398 mentopromovcutuu
1897 4315 1898 4320 ’

1628 4401 1836 4554 corioro.
