3872 5012
725 339 729 348 .
843 328 848 339 .
920 233 1387 370 restaurare

503 475 582 566 bus
598 402 1126 590 quibui'cunquefollic'itati
1142 407 1468 579 determinando,
1490 467 1732 562 solutionem
1748 471 1862 564 haud

504 625 669 754 exiguis
684 620 815 736 premi
829 613 1149 711 difficultatibus.
1198 617 1259 710 Ut
1273 623 1413 735 itaque
1432 620 1559 710 letior
1573 637 1625 710 e'o
1641 621 1862 721 clariorem

332 841 338 852 .
446 815 454 836 ι
506 771 696 857 omniurn
705 765 1007 857 elementorum
1017 763 1255 853 solutionem
1266 767 1532 882 problematis
1541 752 1860 886 iugredieutium
1926 755 1927 766 Ν

506 918 785 1032 cognitionem
799 911 1165 1030 consequatur,per
1177 916 1332 1030 gradus
1345 919 1458 1033 quasi
1471 948 1496 1034 a
1510 917 1669 1006 casibus
1683 917 1862 1037 speciali·

475 1095 477 1102 ·
506 1067 586 1153 bus
601 1062 654 1149 ad
668 1061 947 1178 generaliora,
973 1065 1029 1148 ab
1052 1060 1114 1148 his
1137 1061 1308 1150 demum
1330 1063 1383 1152 ad
1403 1064 1676 1156 universalem
1696 1067 1862 1185 proble-

454 1183 457 1188 ¹
485 1215 630 1300 *matis
643 1209 940 1334 generaiiffimo
957 1206 1064 1296 sensu
1082 1215 1273 1327 concepti
1286 1210 1529 1301 solutionem
1543 1212 1753 1304 adscendit
1769 1190 1862 1306 uu-

508 1383 654 1450 crou.
691 1357 819 1446 Casus
832 1377 973 1446 motus
988 1359 1186 1472 gyratorii
1203 1357 1637 1476 liberi-implicifflmus
1650 1366 1686 1450 is
1702 1365 1774 1473 est,
1791 1369 1863 1481 qui

506 1501 613 1624 Cap.
629 1505 741 1606 Vlll.
758 1488 986 1614 evolvitur,
1023 1531 1109 1621 quo
1130 1507 1326 1594 nimirum
1348 1535 1501 1626 corpus
1521 1513 1631 1598 circa
1654 1501 1861 1624 ejusmodi

371 1707 374 1712 ·
406 1763 408 1772 y
506 1683 635 1746 axem
659 1656 799 1770 gyrari
819 1651 1069 1771 concipitur,
1110 1657 1183 1771 qui
1204 1653 1337 1744 nullas
1359 1657 1415 1743 ob
1437 1679 1597 1745 motum
1616 1661 1730 1750 vires
1755 1656 1863 1747 susti·

315 1795 317 1811 '
504 1780 588 1892 net
664 1801 882 1894 Vocantur
901 1827 1007 1900 axes
1021 1803 1218 1916 'corporis
1237 1801 1368 1910 tiberi,
1421 1806 1493 1919 qui
1512 1803 1584 1892 ista
1607 1811 1864 1943 proprietate

505 1950 596 2040 funt
611 1949 798 2067 praediti.
857 1947 905 2034 ln
920 1947 1105 2063 quolibet
1120 1975 1296 2065 corpore
1310 1947 1441 2044 libero
1456 1973 1541 2040 tres
1554 1951 1694 2042 saltem
1710 1953 1864 2042 dautur

507 2125 613 2204 axes
627 2097 853 2214 gyratiouis
869 2093 1005 2207 liberi,
1034 2093 1205 2211 suntque
1217 2081 1280 2184 isti
1295 2125 1400 2222 axes
1415 2098 1541 2188 iidem
1553 2127 1652 2188 cum
1666 2099 1747 2190 illis
1768 2105 1862 2190 axi·

475 2350 481 2357 ¹
505 2249 585 2358 bus
602 2241 907 2362 principalibus,
922 2271 1101 2359 quorum
1117 2241 1305 2366 respectu,
1313 2267 1575 2334 momentum
1587 2251 1760 2338 inertiae
1771 2279 1867 2367 cor·

504 2397 617 2513 poris
632 2394 690 2482 est
701 2390 769 2482 vel
784 2395 1021 2480 maximum
1035 2389 1103 2481 uel
1118 2394 1347 2479 minimum.
1403 2391 1525 2483 Licet
1539 2393 1641 2486 alias
1655 2381 1743 2511 jam
1759 2427 1866 2486 con·

504 2541 672 2634 fiderari
694 2541 783 2632 'sint
821 2569 846 2628 a
878 2537 1156 2646 'Mechanicae
1192 2537 1470 2656 Scriptoribui
1508 2541 1714 2658 ejusmodi
1752 2573 1866 2636 axes

503 2719 580 2807 per
594 2711 785 2778 centrum
807 2667 978 2776 inertiae
999 2685 1271 2796 transeuntes,
1301 2689 1411 2774 circa
1429 2717 1539 2804 quos
1560 2719 1713 2809 corpus
1734 2691 1867 2782 libere

504 2825 651 2958 gyrari
663 2833 792 2955 poffrt,
814 2837 1052 2923 finimirum
1066 2857 1282 2921 momenta
1294 2837 1447 2924 virium
1462 2839 1790 2956 ceutrifugarum
1804 2871 1869 2932 ex

504 3006 624 3078 motu
639 2989 852 3102 gyratorio
868 2960 1556 3090 uatu·rumseicmutuodest1uant;
1580 2988 1869 3082 valdetumen

479 3114 668 3241 cubito,
698 3161 752 3218 an
766 3153 862 3218 ante
884 3131 1164 3258 Eumaeum,
1194 3123 1608 3247 bancproprietatem
1634 3164 1870 3254 corporum

502 3277 774 3372 universalem
790 3277 880 3377 effe,
909 3277 1023 3394 quod
1039 3280 1080 3364 iu
1094 3275 1278 3394 quolibet
1291 3307 1466 3396 corpore
1484 3297 1565 3370 tres
1581 3305 1694 3374 certe
1708 3286 1870 3378 dentur

503 3437 609 3521 axes
623 3429 848 3547 gyratiouis
868 3424 1004 3537 liberi,
1037 3429 1130 3542 quis
1151 3453 1336 3541 unquam
1356 3431 1579 3541 invenerit,
1597 3429 1634 3520 'st
1656 3463 1870 3530 raama.

351 3567 354 3574 ’
505 3575 880 3676 uunaSeouuu
896 3577 1119 3692 excipiam,
1140 3577 1212 3691 qui
1225 3574 1400 3665 eandem
1416 3565 1713 3695 proprietatem
1725 3591 1869 3681 omni.
1928 3683 1929 3686 p

502 3729 582 3819 bus
596 3727 841 3844 corporibus
854 3747 1161 3841 competentem
1173 3720 1468 3848 demonstravit
1482 3728 1524 3814 in
1538 3726 1870 3850 Programmate
1928 3755 1929 3848 t

500 3874 572 3965 sub
586 3873 725 3964 titulo:
754 3869 952 3989 Spccimen
971 3853 1160 3960 Theort'cc
1176 3852 1393 3981 turbinum,
1414 3871 1552 3964 Halae
1568 3875 1621 3964 A.
1642 3902 1746 3994 ¹755·
1759 3909 1868 3997 pro.

498 4021 699 4141 mulgato,
763 4017 1137 4135 Quemadmodum
1153 4009 1261 4108 ¹vero
1282 4021 1324 4105 in
1348 4024 1499 4137 quovis
1522 4049 1698 4141 corpore
1722 4030 1869 4145 rigido

474 4165 482 4186 ‘
501 4194 693 4283 centrum
711 4145 881 4264 inertiae
894 4169 952 4260 est
971 4165 1173 4290 punitum
1193 4169 1382 4288 maxime
1406 4171 1698 4288 memorabile,
1729 4181 1869 4292 cujus

1609 4411 1615 4420 .
1665 4391 1669 4398 ·
1747 4329 1866 4417 ratio
