3830 5016
128 271 559 466 rnonaassmo
588 252 931 420 consonum
955 321 1316 426 nternoaon
1373 359 1433 444 ιη

79 514 136 600 snb
148 517 279 624 nitidem
294 523 362 613 iam,
370 519 672 619 animadvertimus,
699 519 869 622 lifingulis
884 527 1031 624 corporis
1046 522 1213 615 elementis
1234 526 1423 632 viteripso·

79 648 149 700 rum
165 620 314 700 'rnaffnlis
326 621 785 724 'proportionales-secundum
805 625 1173 700 eandemdteeuionem
1198 627 1296 703 elsam
1314 633 1420 732 appli-

10 795 16 818 ,
79 715 182 808 eatae,
207 753 403 826 corrrpagem
418 734 563 824 corporis
581 727 703 798 nnllam
728 727 821 826 plane
840 732 906 798 nint
925 722 1091 808 sustinere,
1120 726 1171 812 sed
1190 727 1348 829 figtrrana,
1374 755 1418 808 et·

10 825 12 832 ’
77 828 164 900 iaml'¹
177 849 293 938 {petes
305 856 322 900 a
334 824 367 901 se
382 831 519 900 invicem
537 834 659 926 penitus
674 823 772 902 essent
787 823 964 914 dissolutae,
990 826 1211 903 conservatum
1229 837 1277 906 iri.
1330 839 1418 936 Quas

75 951 181 1008 sutem
206 936 287 1004 vires
307 955 394 1002 nune
412 927 611 1004 ostendimus
631 931 691 1004 illis
711 929 931 1030 aequivalere,
969 929 1001 1009 id
1021 951 1146 1016 tanturn
1165 939 1289 1005 ratione
1308 961 1419 1010 motus
1512 1001 1518 1008 .

71 1033 117 1108 -ell
131 1029 395 1131 intelligendum,
420 1049 451 1102 et
471 1051 628 1130 quatenus
644 1033 684 1103 ab
704 1030 764 1104 illis
786 1027 859 1134 suin
873 1027 1028 1118 diversae,
1065 1054 1195 1106 eatenus
1216 1040 1311 1106 ctiam
1336 1034 1419 1136 figis·
1464 1023 1480 1112 ,ι

73 1159 140 1208 ram
155 1155 281 1206 rumare
298 1132 427 1209 tendent
434 1155 444 1222 3
494 1131 559 1208 uod
572 1159 612 1206 ne
625 1137 769 1230 eveniat,
792 1144 988 1234 compagem
1004 1131 1073 1207 satis
1087 1131 1215 1207 lituram
1233 1131 1299 1221 ,effe
1316 1159 1418 1238 opot-

75 1257 127 1309 tct.
180 1241 308 1334 Eano
330 1239 390 1324 jairi
414 1159 616 1334 perspicuum
637 1233 700 1316 ert,
739 1232 910 1328 iudicium,
942 1243 1246 1336 quanta-compagis
1268 1235 1419 1316 firtuitare
1465 1235 1468 1242 ’
1507 1289 1509 1298 ·

76 1365 156 1436 opus
173 1334 226 1422 sit,
252 1362 293 1408 eo
309 1335 435 1422 reduci,
460 1359 493 1408 ur
510 1342 608 1422 uires,
632 1329 748 1437 quibus
761 1357 877 1434 corpus
894 1338 965 1408 adiu
978 1331 1178 1419 sollicitatur,
1202 1363 1278 1410 cum
1302 1343 1417 1413 viribus
1468 1349 1473 1372 ²

74 1438 133 1510 illis
153 1439 417 1518 elementaribus,
443 1436 783 1538 quibusaequivalent,
807 1449 1053 1536 comparentur,
1079 1444 1322 1540 quoniamque
1346 1447 1419 1513 ma'·

74 1543 122 1638 gis
135 1541 174 1614 ab
190 1545 225 1612 iis
243 1533 362 1613 suerint
382 1535 535 1624 diuersae,
570 1565 611 1612 eo
630 1539 702 1638 plus
722 1533 892 1611 conserent
908 1537 947 1612 ad
964 1565 1160 1642 compagem
1180 1525 1417 1628 dellrttdrtdatn,
1473 1619 1487 1631 ,

74 1643 178 1734 Quare
192 1667 259 1742 quo
276 1639 388 1713 clarius
404 1643 467 1712 boc
480 1661 707 1739 argumentum
724 1637 873 1736 evolvere
885 1665 1057 1738 queamus,
1084 1647 1164 1716 vires
1182 1639 1268 1726 illas,
1294 1641 1418 1716 etiamll
1439 1641 1442 1646 ’

73 1739 193 1816 ratione
220 1763 331 1814 «notus
356 1739 612 1840 aequipolleant,
656 1735 788 1813 sollicite
807 1765 824 1811 a
846 1733 875 1812 se
903 1745 1040 1844 inpicein
1066 1742 1217 1850 dillingui
1237 1749 1419 1832 corrueniet,
1452 1827 1458 1846 ἱ

72 1869 167 1944 quem
180 1848 216 1918 in
230 1841 335 1918 finem
345 1838 533 1944 sequentem
548 1839 771 1916 definitionem
786 1849 973 1942 praemitto,
1350 1849 1353 1854 ’
1395 1849 1399 1857 ’

287 2165 292 2170 .
391 2163 395 2172 ,
477 2037 1010 2182 aaarurrmaa
1071 2045 1119 2104 ⁸

75 2289 80 2297 .
174 2237 258 2324 296.
289 2231 387 2306 Vires
401 2233 595 2304 elementares
612 2223 682 2302 sum
703 2231 802 2313 vires,
833 2223 914 2328 qnae
935 2225 1066 2326 fingulis
1085 2228 1229 2325 corporis
1248 2222 1417 2318 elernentia
1471 2246 1493 2282 ·.

68 2325 200 2408 seorsim
211 2333 387 2432 applicatae
401 2339 433 2405 in
449 2340 484 2406 iis
498 2331 633 2416 eandem
651 2329 744 2405 slatus
758 2337 972 2407 aestuationem
986 2329 1418 2431 producerent,·qnamee·
1531 2410 1535 2420 Ι
1639 2387 1642 2401 ,

67 2433 143 2512 dem
158 2443 193 2509 in
205 2459 298 2509 ιιιοιιι
312 2441 454 2537 corporis
469 2459 575 2508 revera
594 2428 740 2506 subcunt.
848 2471 877 2522 g
1100 2457 1105 2468 ·
1170 2533 1173 2538 Ι

332 2621 1122 2788 .·nxarroar1n,f

175 2831 261 2900 297.
286 2811 453 2892 Heteiree
466 2807 674 2883 elementares
690 2803 821 2884 sollicite
839 2808 989 2910 dillingui
1003 2813 1185 2885 convenite
1202 2795 1323 2887 uiribus
1342 2833 1418 2888 eor·

12 2917 13 2920 ’
71 2935 130 3017 pne
162 2913 236 2984 aslis
269 2909 519 2988 sollicitantibus.
596 2913 684 2982 Cum
717 2917 806 2984 enim
839 2919 1057 3014 cognovimus
1075 2933 1204 2984 tuorum
1230 2919 1416 3011 corporis!

71 3016 185 3089 sitibus
213 3007 451 3086 sollicitantibus
485 3007 708 3108 prodotlum,
747 3007 976 3111 discipiendum
1009 3013 1079 3098 cll,
1116 3035 1275 3111 qtrantnm
1310 3017 1417 3103 ctrjrrr·

71 3125 115 3190 ris
133 3109 286 3190 elemenii
310 3113 403 3187 slatus
425 3115 588 3186 turbetur:
630 3135 701 3186 turn
723 3111 845 3214 lingula
866 3115 1025 3188 elementa
1044 3113 1132 3213 qmsr
1152 3111 1281 3188 seorsim
1302 3113 1417 3190 crille·

72 3236 137 3290 rent
155 3211 419 3308 considerentur,
453 3211 609 3314 facileque
640 3237 684 3304 err¹
702 3215 960 3312 praecedentibus
981 3220 1063 3287 vires
1082 3211 1299 3299 definientur,
1332 3227 1417 3317 qum

73 3323 109 3392 iis
137 3318 313 3419 applicatae
333 3317 469 3392 eandem
486 3313 581 3390 slatus
601 3322 814 3388 latitationem
834 3315 1070 3413 producerentr
1096 3337 1206 3415 atque
1238 3315 1312 3412 illae
1335 3326 1416 3392 vires

62 3421 199 3510 tuntum
214 3413 338 3492 surutae
352 3421 510 3504 inntens,
534 3443 610 3515 quas
636 3422 670 3488 in
689 3413 1081 3517 poilernmsubnomine
1099 3423 1218 3517 uirium
1238 3417 1417 3491 elementa·
1488 3479 1490 3491 .

72 3517 237 3594 ritunsorn
251 3519 490 3618 eotrrplenurus.
542 3521 591 3590 Ea
605 3543 672 3618 qno
685 3515 816 3617 quidem
833 3515 936 3590 llatim
951 3517 1070 3618 liquet,
1101 3521 1251 3592 basvires
1270 3519 1415 3594 elemen-
1449 3548 1453 3553 ·

72 3639 149 3695 iares
170 3625 302 3711 innslim
324 3619 443 3695 stttntas
458 3613 526 3696 elle
544 3614 779 3716 aequivalentes
798 3619 914 3693 uiribus
935 3621 1006 3691 aslu
1028 3615 1305 3704 sollicitantibus,
1326 3609 1428 3720 quo-³

72 3729 158 3796 niatn
173 3725 284 3798 ambae
305 3729 339 3795 in
360 3745 454 3796 mom
475 3719 778 3822 ‘corporiseandem
799 3727 1017 3794 mutationem
1035 3712 1194 3817 pariunt.⁴
1235 3723 1364 3819 Nempe
1389 3719 1415 3798 sa

73 3823 267 3914 clementum
285 3830 450 3924 corporis,
482 3828 570 3916 cujus
591 3815 724 3894 massula
743 3819 781 3894 lit
799 3825 885 3910 rm,
916 3841 1011 3894 moto
1035 3817 1085 3894 vel
1104 3845 1181 3894 vero
1201 3819 1251 3894 vel
1272 3819 1415 3898 resoluto

71 3919 243 4000 secundom
252 3925 418 4026 quandam
431 3925 661 4011 direclionem,
674 3949 677 3954 ’
692 3929 726 3994 in
746 3947 809 4022 qua
828 3917 1087 4024 tempusculo'dt
1106 3917 1275 4020 spatiolum
1294 3929 1342 3998 dx
1360 3925 1416 4001 de«

73 4019 194 4112 scribat,
234 4032 274 4107 ita
294 4027 501 4124 acceleretur,
540 4045 574 4097 ut
594 4019 704 4096 surnto
724 4028 763 4097 dt
781 4024 946 4099 conslame
964 4021 1343 4124 increruentnm'spatioli
1362 4030 1430 4101 'dx'

74 4127 200 4224 prodeat
235 4129 326 4202 dds:
377 4150 449 4202 tmn
486 4134 534 4202 uis
566 4121 744 4200 secundnm
782 4121 918 4200 eandem
956 4119 1166 4208 direslionenr
1200 4151 1319 4228 urgeas
1353 4136 1415 4203 erit
1515 4123 1543 4202 '.

75 4322 112 4366 ·.:
137 4229 414 4370 Q.
458 4278 583 4369 'Unde
602 4283 629 4365 fi
648 4309 761 4367 motus
777 4285 1122 4368 elernentisecuodutn
1136 4269 1224 4368 binas
1238 4293 1288 4368 vel
1309 4315 1416 4402 ternas
1514 4311 1517 4316 '

172 4369 378 4469 agdis-¹
1366 4451 1375 4458 ,

389 4469 393 4476 ’
493 4492 495 4500 ·
821 4469 894 4569 1’3
1167 4529 1180 4556 ,
1328 4461 1415 4540 oise-
