3792 5020
382 418 386 424 ,
465 368 546 463 352
686 263 885 426 curor
909 325 1008 454 uu.
1043 287 1318 415 unitum
1346 309 1618 408 eterno
1700 373 1708 384 .

468 563 544 636 ant,
568 563 607 612 ex
625 563 694 638 quo
709 486 1015 606 fornrulaeinoum
1034 517 1489 625 progressuuminvolventes
1508 509 1603 588 srrrtul
1622 493 1661 586 od
1679 506 1821 610 reliqtias

470 645 560 732 adjici
592 637 779 738 oportebit,
819 631 935 730 quibus
966 625 1086 702 celibus
1116 621 1234 696 solutio
1268 626 1409 694 cmxitne
1435 614 1627 715 eorupliuu'
1653 609 1821 686 reddetur.

469 747 567 818 Nunc
581 747 675 840 igitur
694 739 742 809 his
762 729 1013 836 problematibus
1033 723 1185 823 expeditis
1207 723 1378 823 problema
1392 717 1541 822 generale
1560 715 1718 810 demoto
1740 713 1823 786 libe·
1884 759 1885 800 t

469 869 510 918 ro
541 863 717 942 corporum
751 833 932 936 rigidorum
962 855 981 903 e
1013 830 1131 901 viribus
1163 827 1406 926 quibuscunque
1438 817 1681 894 sollicitatorem
1708 838 1822 914 eggre·

442 995 444 1001 -
471 947 503 1020 di
532 946 717 1045 poteriunu.
778 1004 780 1020 ι

828 1086 1433 1204 .ΡποΒιΕΜΑ)ω

577 1277 663 1354 813·
688 1263 721 1332 Si
741 1279 859 1356 corpus
878 1251 1017 1354 rigidum
1036 1255 1129 1324 initio
1153 1247 1453 1350 quomodocunque
1475 1243 1654 1346 projeslnm
1676 1225 1826 1334 deinceps
1884 1251 1885 1336 q

344 1432 348 1440 ,
476 1399 495 1445 e
517 1367 633 1440 viribus
652 1361 898 1463 quibuscunque
921 1351 1122 1436 sollicitetur,
1152 1376 1290 1454 querum
1310 1351 1429 1424 odlioui
1450 1347 1549 1420 libere
1568 1339 1700 1440 obsequi
1722 1359 1826 1440 quent,
1884 1339 1885 1410 l

478 1475 544 1564 ejus
561 1487 692 1542 rnotum
705 1460 928 1536 determinare.
1422 1465 1426 1472 ·
1847 1461 1862 1478 e

956 1653 1347 1756 susurro

582 1797 684 1889 Quod·
695 1803 802 1897 primo
816 1792 855 1868 ed
865 1789 932 1886 ejus
945 1811 1074 1866 motum
1089 1787 1334 1890 progreliivum,
1360 1779 1413 1862 seu
1429 1805 1575 1883 motum,
1601 1809 1670 1887 quo
1683 1801 1827 1858 centrum
1884 1827 1885 1874 q

414 1959 415 1966 κ
482 1909 615 1984 inertiae
656 1919 856 1982 murmuretur,
881 1899 1002 1980 attinet,
1026 1889 1441 1994 ispeteedernpraecepte‚
1466 1915 1547 1990 quoe
1562 1906 1729 1986 promotu
1747 1910 1827 1982 pun·
1884 1897 1885 1912 ³

483 2013 612 2085 (lorum
632 1931 705 2076 lum
726 1998 860 2086 tradite,
897 1993 1080 2088 delinietur
1140 1991 1264 2066 Scilicet
1284 2011 1350 2064 tote
1371 1995 1517 2090 corporis
1537 1985 1655 2070 nielles,
1689 2011 1772 2086 qme
1794 1982 1827 2055 fit
1884 2027 1885 2082 l

484 2113 593 2191 =M,
617 2114 652 2178 in
671 2108 867 2194 ejus-centro
885 2103 1016 2170 inertiae
1034 2091 1167 2169 collesle
1186 2098 1409 2193 concipietur,
1443 2117 1481 2164 nc
1501 2087 1632 2192 lingulis
1654 2091 1827 2160 momentis
1884 2099 1885 2156 l

486 2235 603 2286 omues
617 2211 715 2290 vires,
739 2197 853 2300 quibus
867 2223 983 2298 corpus
996 2191 1195 2276 sollicitetur,
1219 2191 1394 2267 secundnm
1409 2188 1499 2268 suern
1517 2217 1663 2293 quaeque
1681 2187 1828 2262 diredlt'e-
1884 2187 1885 2270 l

485 2339 565 2388 nerse
577 2301 635 2408 ipse
647 2325 758 2378 centro
774 2306 902 2372 ineniee
916 2297 1131 2396 applicentur3
1154 2315 1190 2367 ut
1203 2295 1354 2368 habeatur
1365 2290 1453 2369 casus
1468 2295 1598 2394 pundli,
1625 2297 1711 2382 cujus
1723 2309 1830 2360 autem

428 2424 450 2434 “’
488 2405 586 2490 melsa
599 2405 688 2480 finito
700 2402 745 2478 ell
759 2395 913 2474 censendo
927 2427 965 2468 =
979 2400 1039 2476 M.
1064 2420 1081 2466 o
1094 2397 1212 2468 viribus
1224 2391 1396 2479 sollicitati,
1427 2399 1518 2487 cujus
1535 2417 1700 2496 propterea
1718 2409 1826 2461 morus

443 2514 454 2533 “
489 2499 548 2618 per
561 2525 724 2612 praecepte
737 2499 827 2601 supro
842 2498 951 2574 tradite
964 2496 1167 2570 deternrincri
1181 2494 1230 2570 vel
1251 2493 1361 2570 saltem
1380 2495 1529 2572 formulis
1546 2495 1709 2590 analyticis
1726 2495 1827 2589 expri-

491 2622 538 2688 mi
552 2614 686 2714 poterit,
712 2603 798 2677 ntrlle
812 2601 915 2674 subite
935 2604 1056 2672 retione
1071 2617 1181 2671 neotus
1194 2603 1366 2697 gyrutorii,
1389 2627 1457 2700 quo
1478 2605 1595 2672 intereo
1614 2591 1699 2670 sorte
1718 2617 1833 2691 corpus

490 2730 573 2792 eir'ca
592 2720 738 2786 centrum
760 2707 889 2776 inertiae
904 2706 1052 2801 agitetur,
1115 2701 1213 2779 Turn
1232 2723 1309 2794 vero
1326 2699 1366 2772 sd
1384 2704 1471 2774 hunc
1495 2720 1626 2773 neotum
1646 2695 1829 2792 irnessigan.

491 2819 590 2897 dum,
620 2809 719 2912 priori
740 2825 834 2877 etsotu
854 2798 1051 2904 progrellivo
1072 2806 1198 2898 penitus
1215 2796 1372 2900 sepofit0,
1399 2805 1699 2882 centrum-inertiae
1718 2805 1780 2890 ken
1799 2816 1831 2866 ur

491 2909 655 3019 quiescens
677 2905 917 2998 consrdcrctur3
953 2929 992 2976 ac
1010 2901 1266 3002 primoquidem
1285 2908 1429 3002 corporis
1448 2911 1528 2978 temi
1547 2929 1621 2977 axes
1646 2899 1830 3002 principales

492 3043 531 3094 ex
555 3017 710 3092 locentur,
734 3013 841 3109 quiex
855 3025 966 3080 centro
981 3009 1111 3077 inertiae
1134 3008 1146 3074 l
1169 3001 1357 3086 edrrclilint
1378 3010 1441 3092 lll,
1476 3008 1532 3094 lli,
1562 3007 1626 3090 lC,
1657 3025 1832 3100 eonunque
1884 3029 1885 3090 ἦ

494 3045 637 3216 respet‘lu
652 3128 821 3184 momentu
836 3112 964 3180 inertiae
980 3107 1079 3190 Meo,
1106 3107 1202 3191 tur,
1227 3107 1314 3178 Met:
1340 3107 1453 3206 quibus
1467 3112 1602 3207 cognitis
1615 3103 1744 3204 sphaere
1757 3127 1834 3174 cou-
1884 3123 1885 3174 l

470 3235 473 3242 ’
496 3225 627 3318 cipietur
639 3209 817 3284 immobilis
835 3213 915 3282 circo
935 3225 1083 3279 centrum
1102 3211 1232 3278 inertiae
1252 3201 1449 3306 ldescripto‚
1478 3215 1512 3280 in
1531 3234 1592 3308 que
1614 3229 1681 3278 tarn
1703 3203 1832 3278 circulus
1884 3203 1885 3294 J

497 3325 658 3394 reteximus
668 3309 792 3384 ZXVY
804 3334 902 3409 qutun
917 3314 949 3378 in
963 3333 1003 3378 eo
1017 3307 1175 3406 pontium
1188 3309 1213 3378 'L
1228 3304 1330 3380 fixum
1345 3305 1529 3396 assumetur,
1547 3335 1614 3409 quo
1629 3297 1703 3380 litus
1723 3329 1835 3403 corpo·

373 3461 378 3471 ·
496 3419 666 3518 risqoovis
687 3432 834 3511 ternpore
853 3403 1014 3482 reseratur.
1063 3410 1159 3480 Nunc
1171 3413 1265 3502 igitur
1282 3407 1389 3510 elapso
1409 3417 1755 3510 tempordztteuect
1767 3429 1833 3478 cor·

497 3547 558 3623 pus
579 3519 622 3592 ob
642 3533 770 3585 motum
792 3514 995 3612 gyratoriurn
1016 3503 1110 3582 litum
1135 3515 1167 3580 iu
1189 3505 1293 3608 figure
1311 3506 1595 3612 repraesentatum,
1628 3510 1662 3582 iti
1679 3535 1747 3608 quo
1765 3531 1835 3577 nxes

498 3617 688 3723 principales
702 3609 911 3710 respondeant
927 3616 959 3680 in
973 3605 1137 3710 superficie
1151 3605 1309 3717 sphaerica
1324 3613 1451 3710 pnudlis
1472 3617 1517 3694 tt,
1544 3615 1586 3700 B,
1609 3613 1640 3685 C
1658 3609 1835 3712 quadrantis

362 3775 369 3782 -
490 3717 663 3799 intervallo
675 3742 692 3786 o
705 3711 736 3787 se
750 3717 888 3822 invicem
900 3708 1101 3786 dillentibus:
1130 3738 1188 3811 pro
1200 3737 1341 3808 quorum
1357 3711 1414 3788 litu
1431 3709 1593 3814 praesente
1607 3733 1768 3816 penatum

666 3826 754 3914 arcus
776 3843 831 3914 ΖΑ
851 3873 889 3911 =
907 3841 937 3922 l,
976 3838 1030 3912 ΖΒ
1048 3873 1086 3909 =
1106 3865 1138 3910 m
1158 3859 1189 3913 et
1209 3841 1265 3914 ΖΟ
1283 3869 1322 3912 :z
1339 3867 1362 3913 tr
1383 3849 1460 3916 item

665 3941 775 4042 strguli
798 3942 886 4016 Xle
905 3970 945 4010 =
964 3957 1007 4032 λς
1038 3943 1119 4014 Xle
1139 3972 1176 4012 .-:
1195 3979 1240 4045 μ,
1271 3945 1357 4016 XZC
1375 3975 1413 4016 τ·-
1434 3979 1461 4026 e,

501 4066 770 4170 quiquornodoe
785 4063 965 4170 seinvicem
981 4067 1156 4170 pendeant,
1180 4099 1218 4146 ex
1233 4071 1397 4174 sphaericis
1417 4071 1463 4146 ell
1479 4053 1698 4150 ntooisellu'm.
1743 4077 1838 4147 l'orre

402 4198 406 4210 ·
501 4192 633 4270 gyretur
646 4190 862 4268 nunccurpus
881 4177 961 4242 circe
978 4197 1071 4245 exem
1088 4177 1133 4244 10
1146 4174 1303 4247 celeritate
1314 4173 1460 4274 angulari
1472 4199 1511 4240 =
1523 4207 1547 4257 3
1560 4179 1594 4246 in
1606 4169 1731 4249 sensum
1749 4177 1840 4260 nne,

379 4347 383 4360 ,
503 4297 540 4344 ac
553 4297 612 4370 pro
629 4269 684 4341 litu
699 4273 792 4362 hujus
806 4275 871 4343 exis
886 4293 1146 4370 ponantursrcus
1163 4278 1223 4348 AO
1236 4305 1273 4346 ·.·.·
1289 4309 1331 4364 ω,
1356 4279 1464 4348 130:
1475 4275 1523 4367 β,
1548 4278 1611 4353 00
1628 4307 1666 4346 =
1678 4301 1722 4374 73
1749 4301 1840 4376 etque
1884 4289 1885 4360 l

502 4368 647 4456 hre'sunt
660 4376 846 4472 quantitates
861 4397 916 4474 per
930 4368 983 4448 sus
998 4367 1216 4450 differentialis
1229 4383 1269 4452 ite
1281 4375 1540 4468 determinando,
1563 4399 1598 4450 ut
1610 4376 1714 4478 polito
1727 4395 1745 4453 r
1757 4412 1796 4450 :
1810 4405 1842 4462 o.
1884 4367 1885 4450 l

1752 4479 1845 4556 flatui
