3810 5024
161 303 164 310 ’
374 431 377 448 ,
435 337 516 442 228
556 317 686 452 our.
702 319 813 418 uu.
842 319 926 466 un
940 315 1068 410 axe
1082 275 1687 478 oruuuoutsnruuuo

941 521 1216 598 COROLn
1267 548 1315 600 n
1574 577 1581 588 .

441 605 446 628 ⁸
542 641 625 727 583.
658 623 821 724 Proposita
842 651 876 698 er
898 652 920 720 p
940 650 1130 726 quacunque
1149 629 1180 694 ui
1206 627 1278 716 Νὴ,
1314 595 1405 713 cuiue
1424 621 1557 696 direclio
1578 620 1619 700 fit
1633 598 1787 722 inplauo

225 769 226 776 κ
303 795 307 803 ,
438 727 478 804 ad
499 755 592 802 axem
614 729 769 812 normali,
801 651 897 826 quotl
911 753 1004 816 axem
1023 730 1055 798 iu
1075 725 1198 822 puuslo
1218 719 1357 810 Lsecet,
1391 723 1420 796 su
1436 745 1593 825 practerea
1606 731 1656 796 a'xi
1670 731 1702 796 in
1717 721 1788 825 ipso

438 833 563 933 punclo
583 833 608 900 L
629 833 674 916 uis
693 829 881 928 aequalium
898 831 1055 902 contraria
1074 829 1115 898 Ll
1125 825 1319 928 applicetur,
1342 826 1383 898 ab
1395 825 1706 903 hiaduabuauitibur
1721 832 1786 900 axin

301 983 305 990 -
441 931 565 1006 nullam
585 935 653 1002 vim
676 925 846 1012 sullincbit,

420 1142 430 1169 a
782 1119 790 1132 ·
910 1093 1319 1172 COROan.
1891 1129 1892 1140 κ

462 1195 467 1204 ’
545 1183 628 1295 {84-
655 1195 779 1298 Quodsi
798 1201 895 1298 igitur
913 1225 1031 1300 corpus
1051 1199 1165 1270 ubiuis
1185 1191 1369 1286 liujusmodi
1389 1198 1506 1270 vitibus
1524 1193 1585 1274 Nn
1604 1215 1635 1271 et
1654 1189 1789 1272 Ltsol-
1891 1187 1892 1196 ¹

437 1301 593 1388 lioitctur,
625 1307 691 1373 axis
712 1322 821 1372 manet
847 1307 1024 1386 immotus,
1062 1319 1093 1372 'et
1114 1294 1198 1371 solus
1219 1317 1329 1370 motus
1347 1305 1529 1398 gyratorius
1553 1299 1785 1400 perturbabitur

437 1406 477 1476 ab
490 1429 600 1478 earum
616 1407 802 1474 momentis.
856 1405 943 1474 Cum
958 1421 1066 1474 autem
1082 1406 1127 1472 vis
1142 1395 1326 1470 L'lnulluru
1340 1401 1454 1474 lrabeat
1465 1420 1687 1486 momentum,
1710 1407 1786 1472 'mu-

438 1513 517 1580 tatio
530 1528 640 1580 motus
652 1529 696 1577 ex
716 1523 890 1576 momento
903 1498 998 1578 solius
1011 1508 1059 1576 uis
1080 1503 1136 1574 Nn
1151 1495 1413 1582 eritdelinienda.

923 1666 1061 1742 COR
1089 1669 1122 1741 0
1142 1666 1173 1736 L
1195 1665 1240 1740 L.
1282 1687 1316 1757 5.

434 1815 439 1826 ι
542 1783 624 1866 535.
658 1769 765 1874 Qrare
791 1764 815 1841 li
842 1767 984 1844 celeritas
1003 1769 1162 1868 angularis
1181 1763 1278 1839 suerit
1298 1799 1336 1838 ε
1355 1797 1396 1850 ε,
1434 1785 1643 1845 momentum
1663 1772 1710 1842 vis
1731 1768 1789 1844 Nn
1893 1825 1894 1864 ,

421 1903 478 1956 ¹=
497 1869 567 1969 Vf,
604 1891 636 1945 et
656 1874 803 1973 corporis
824 1891 1033 1946 momentum
1053 1873 1182 1978 inertiae
1208 1864 1350 1968 rc'speclu
1371 1873 1442 1942 axis
1469 1874 1513 1942 ln
1533 1869 1684 1958 :Mun
1725 1875 1787 1944 erit

306 2030 322 2105 f
396 2095 403 2104 .
436 2015 482 2124 n,
501 2069 540 2110 =
552 2037 607 2130 ,ᾗ
631 1971 836 2178 ff}
862 2007 1098 2154 proelemeuto
1114 2039 1269 2138 temporit
1289 2037 1343 2116 n:
1369 1993 1788 2143 ubiamblguitaeligoiual

433 2205 699 2284 accelerationem
719 2205 769 2280 uel
785 2205 1031 2282 retardationem
1050 2203 1179 2284 indicat.
1302 2201 1303 2204 ’

885 2379 1332 2464 SCHOLION.

538 2488 622 2576 586.
656 2480 797 2588 Quando
815 2507 894 2584 ergo
912 2507 1029 2582 corpus
1049 2481 1189 2584 rigidum
1209 2489 1290 2558 circa
1310 2484 1498 2588 quempiam
1515 2485 1630 2556 axium
1647 2475 1777 2558 suomm

434 2587 658 2688 principalium
676 2593 826 2688 gyratur,
865 2582 1058 2686 simulquea
1086 2604 1293 2686 quotcunque
1319 2579 1506 2676 huiuamodi
1523 2585 1643 2660 uiribus
1665 2581 1780 2662 sollici·

435 2705 534 2775 ta'tor,
564 2711 702 2788 quarum
724 2685 865 2788 smgulac
885 2684 940 2760 stbi
962 2713 1050 2784 pares
1069 2707 1100 2760 et
1123 2693 1299 2760 contrarias
1317 2685 1374 2786 ip'sr
1389 2685 1627 2786 axiapplicatas
1643 2685 1784 2764 habeant
1893 2663 1896 2768 l

457 2787 692 2878 uastcomitcs,
727 2813 838 2884 motus
858 2793 1137 2870 continuationem
1157 2785 1311 2888 alliguare
1332 2777 1491 2870 valemus,
1529 2795 1684 2889 quoniam
1708 2797 1781 2884 axis
1895 2773 1896 2792 ¹

431 2815 545 2990 sponte
566 2909 675 2964 manet
696 2895 728 2961 in
747 2896 872 2990 quiete,
904 2913 1077 2990 motusque
1093 2913 1193 2992 aeque
1213 2897 1420 2976 imnuuatur,
1455 2913 1492 2960 nc
1511 2885 1533 2960 fi
1554 2897 1627 2963 axia
1645 2888 1782 2964 firmiter

430 2997 635 3072 retineretur,
665 3019 764 3094 quem
787 2987 894 3065 casum
915 2995 977 3082 jam
998 2986 1031 3064 su
1057 3016 1088 3062 ra
1108 2989 1299 3064 evolvimus.
1356 2993 1478 3063 Verum
1498 2991 1576 3064 haec
1590 2988 1784 3076 determina·

378 3153 383 3160 .
432 3100 480 3166 tio
499 3091 639 3166 adllricla
661 3091 705 3166 esl
725 3091 764 3165 ad
782 3089 874 3166 illain
896 3097 1012 3164 virium
1030 3017 1266 3164 sollicitantium
1294 3096 1470 3174 rationem,
1502 3097 1705 3192 minimeque
1723 3093 1778 3166 ad·

432 3193 499 3265 huc
516 3209 617 3291 patet,
655 3189 837 3284 cujusmodi
862 3187 1016 3268 offellum
1037 3193 1116 3270 aliae
1135 3198 1218 3264 vires
1239 3185 1338 3268 esseut
1356 3189 1586 3292 produclurac:
1625 3197 1690 3268 lroc
1709 3201 1779 3296 qui·

431 3297 509 3366 dom
527 3287 638 3365 saitem
660 3293 862 3391 intelligitur,
894 3321 994 3386 quem
1015 3321 1085 3368 non
1106 3301 1139 3364 iu
1160 3297 1266 3392 quiete
1283 3287 1348 3385 ⁸ell'e
1367 3287 1629 3391 permaulumm,
1667 3315 1777 3370 utrum

431 3417 511 3465 vero
532 3413 661 3466 mutum
683 3391 826 3494 simplice
844 3391 1078 3496 progrell‘tvum
1099 3393 1138 3468 lit
1156 3395 1325 3476 uaslurus,
1357 3385 1441 3467 ause
1456 3393 1640 3470 inclinando
1656 3395 1692 3468 srt
1705 3425 1778 3498 pro·

430 3489 589 3592 cessurus,
621 3493 771 3566 nondum
790 3495 901 3597 liquet.
953 3501 1083 3568 iuterim
1105 3517 1213 3567 tamen
1227 3489 1331 3576 casus,
1344 3491 1424 3594 'quo
1439 3502 1495 3568 axi
1508 3509 1617 3572 motus
1631 3495 1777 3600 progres-

429 3591 513 3669 firns
533 3599 750 3693 imprimitur,
782 3601 822 3668 ita
845 3600 932 3698 huuc
952 3623 1020 3698 quo
1041 3604 1073 3670 in
1093 3601 1200 3698 quiete
1215 3592 1354 3692 perlillet
1368 3591 1566 3695 simplicitate
1579 3605 1718 3702 excipit,
1741 3619 1776 3673 ut

342 3723 345 3730 ’
429 3698 496 3786 ejus
516 3695 738 3770 evolutionem
758 3693 910 3800 suscipere
930 3699 1106 3774 ualeamus.
1173 3691 1419 3770 Observandum
1441 3703 1529 3770 euim
1550 3697 1613 3786 etl,
1656 3699 1776 3776 licum

429 3816 524 3869 motu
546 3822 741 3900 quocunque
761 3822 872 3876 motus
891 3795 1104 3900 progrellivut
1125 3793 1342 3872 uniformiter
1361 3793 1777 3901 resliliucuaconjuugatur,

429 3897 592 3972 acliouem
612 3903 728 3973 uirium
752 3907 888 3978 minime
907 3901 1100 4003 perturbari,
1130 3895 1423 4006 quodpqincipium
1438 3898 1636 4004 adpraesens
1653 3904 1775 3980 inllitu·

429 4017 501 4072 tum
516 3999 816 4077 accommodemus.
1413 4027 1420 4034 ·
1500 4041 1506 4048 ·

842 4165 1355 4260 THEOREMA'·4.

426 4359 440 4374 N
482 4351 487 4356 ,
532 4277 614 4360 587.
656 4265 764 4354 Quem
785 4284 914 4346 mutum
938 4275 1138 4370 gyrarorium
1164 4293 1284 4368 corpus
1310 4267 1450 4370 rigidum
1475 4271 1679 4350 cirra'axem
1700 4279 1771 4378 qul.

235 4453 238 4460 .
330 4407 336 4426 ‘
426 4361 586 4490 astantem
615 4362 840 4495 prosequitur,
886 4372 1028 4448 'eundem
1056 4389 1187 4448 motum
1212 4376 1294 4444 cir'ca
1325 4377 1413 4450 hunc
1437 4399 1537 4452 axem
1564 4372 1771 4500 uniformiter

1733 4505 1769 4553 m
