3810 5024
406 307 410 314 ’
518 395 600 488 230
643 363 771 482 cun
789 359 902 460 tuu.
937 358 1022 454 nu
1037 357 1165 452 uxr
1178 351 1787 468 umunoursnfflruo
1838 327 1849 340 “

522 566 677 650 nuscitur,
710 591 814 666 neque
832 569 898 636 exie
917 519 958 634 tle
981 557 1037 632 sstu
1056 551 1115 632 sno
1137 555 1192 634 fibi
1211 555 1365 660 parallelo
1386 553 1587 649 deturbetur,
1617 567 1887 661 moturgyretof

431 715 437 734 ι
524 675 590 745 rius
609 669 735 756 nullam
750 671 969 750 mutationem
987 667 1111 762 potitur.
1874 717 1879 724 .

1029 823 1392 905 SCHOL'ION.
1526 899 1533 906 .

628 955 714 1030 591.
734 938 861 1008 Veritus
879 936 972 1026 leuius
992 932 1029 1004 Τ
1030 935 1225 1027 lreoretnatis
1247 935 1344 1002 etiem
1358 953 1422 1028 per
1440 955 1496 1016 ee,
1528 923 1715 1030 qtruesupre
1729 927 1884 1008 demoto

526 1030 674 1110 absoluto
692 1059 723 1109 et
741 1031 916 1135 resperliuo
930 1031 1002 1108 suut
1016 1029 1177 1131 expolite,
1197 1029 1327 1130 quondo
1341 1056 1477 1128 corpur,
1502 1031 1542 1104 ad
1556 1031 1644 1132 quod
1659 1055 1770 1108 motus
1784 1033 1885 1108 reser-

527 1157 598 1224 tur,
647 1125 850 1210 uniformiter
868 1143 900 1208 iu
921 1133 1079 1220 directum
1101 1129 1318 1232 progreditur,
1354 1128 1545 1205 sufficienter
1564 1133 1727 1210 llabilitur.
1792 1139 1884 1210 Cum

529 1245 620 1312 euim
641 1263 775 1337 eorpus,
807 1235 896 1338 quod
917 1255 1048 1308 motum
1068 1239 1270 1336 gyratoriutu
1290 1239 1370 1305 circa
1384 1233 1547 1333 quendam
1563 1260 1656 1306 exem
1670 1239 1882 1337 principalem

529 1345 704 1438 acceperit,
737 1345 827 1410 hunc
844 1359 974 1410 motum
994 1355 1149 1436 perpetuo
1168 1341 1208 1405 itu
1228 1329 1410 1421 conseruet,
1441 1357 1476 1406 ur
1494 1342 1559 1408 axis
1579 1332 1692 1455 sponte
1705 1363 1839 1411 moneor
1852 1348 1882 1412 in

531 1448 658 1541 quiete,
698 1439 783 1514 idem
809 1443 933 1513 eveniet
954 1431 1076 1512 necelle
1097 1435 1159 1517 ell,
1200 1433 1221 1504 st
1242 1457 1360 1534 corpus
1379 1441 1411 1507 in
1432 1433 1532 1535 spatio
1555 1432 1763 1510 uniformiter
1783 1445 1819 1512 in
1837 1443 1880 1514 ‘di-

385 1565 391 1574 ·
532 1544 657 1616 rectum
678 1539 744 1616 luto
764 1536 919 1631 versetur,
953 1531 1268 1640 hujusquerespeslu
1292 1540 1443 1626 ejuratus
1466 1535 1615 1636 quiescet.
1660 1537 1773 1612 'Tum
1795 1549 1879 1616 enim

533 1667 584 1716 res
606 1641 724 1716 eodem
745 1639 843 1736 redit,
874 1669 910 1714 uc
933 1637 956 1713 sr
975 1635 1092 1739 corpus
1111 1631 1253 1710 absolute
1267 1634 1471 1712 uniformiter
1484 1645 1517 1710 in
1530 1639 1687 1716 directum
1703 1643 1878 1742 progredir-

533 1763 603 1825 tur,
635 1742 795 1844 simulque
814 1748 894 1816 circo
914 1768 1008 1816 auem
1030 1737 1262 1838 principalem,
1279 1773 1284 1782 =
1302 1743 1356 1838 qui
1379 1763 1535 1839 perpetuo
1558 1739 1652 1814 suum
1674 1741 1732 1814 fibi
1755 1745 1878 1842 paralle-

534 1843 606 1917 lum
624 1839 742 1926 seruet.
776 1843 980 1942 aequabiliter
998 1862 1159 1942 gyretur..
1197 1843 1246 1914 Ex
1266 1865 1334 1938 quo
1356 1865 1404 1914 tos
1428 1848 1467 1912 ita
1488 1847 1616 1942 concipi
1630 1843 1735 1942 potest
1748 1845 1874 1942 queliin

534 1969 670 2045 corpote
683 1939 808 2044 'duplex
822 1938 932 2018 inesset
946 1947 1072 2028 motus,
1096 1939 1385 2042 altetgyratoriur,
1410 1968 1479 2041 quo
1495 1970 1613 2041 eorpus
1624 1949 1705 2016 circo
1720 1948 1875 2044 quendem

535 2073 630 2120 ruem
651 2045 856 2144 principalem
880 2065 1027 2143 gyratur,
1050 2041 1129 2116 ulter
1142 2067 1219 2114 vero
1236 2039 1473 2139 progressione,
1495 2069 1564 2142 quo
1577 2050 1734 2118 utriscum
1751 2073 1877 2147 corpore

536 2155 579 2222 itt
599 2149 787 2244 abripiatur,
822 2165 856 2216 ut
875 2153 940 2216 axis
962 2165 1118 2244 perpetuo
1140 2141 1235 2213 fitum
1256 2141 1309 2212 libr
1320 2141 1518 2312 fparallelum
1541 2141 1717 2222 conservet.
1780 2155 1875 2250 Atque

405 2281 413 2288 ·
536 2251 614 2324 lriuc
634 2253 729 2319 etiu'm
748 2244 950 2342 intelligitur,
990 2273 1007 2315 a
1030 2245 1146 2314 uiribus
1167 2240 1258 2340 supra
1278 2243 1316 2314 de
1344 2247 1418 2316 uitis
1439 2269 1568 2317 tnotutu
1588 2253 1792 2346 gurrtoriuru
1813 2277 1876 2350 per·

536 2346 613 2422 inde
633 2343 795 2419 accelerari
815 2345 866 2416 uel
887 2345 1032 2418 retardari
1056 2366 1223 2443 oportere,
1255 2369 1291 2416 oo
1314 2341 1336 2416 li
1355 2352 1421 2416 uuis
1441 2343 1632 2446 quiesceret,
1664 2347 1757 2422 stunrl
1783 2379 1823 2426 ue
1836 2358 1875 2424 ri·

369 2503 374 2508 .
491 2473 604 2534 gres,
634 2473 716 2548 quoe
733 2439 839 2517 solum
861 2467 990 2524 utotum
1012 2441 1246 2546 progressuum
1267 2441 1394 2517 afficere
1417 2443 1486 2519 sunt
1506 2443 1668 2535 osleusoe,
1697 2379 1778 2522 nitul
1822 2461 1875 2528 uir·

538 2576 636 2650 quam
657 2555 690 2619 in
709 2569 801 2619 motu
821 2554 987 2648 gyraturio
1008 2567 1151 2628 mutere,
1181 2553 1220 2618 ita
1243 2566 1277 2618 ut
1293 2545 1422 2646 uterque
1437 2571 1544 2622 motus
1557 2543 1707 2632 seorsim,
1730 2479 1822 2650 quas
1836 2553 1874 2627 lo·

537 2649 588 2723 lus
606 2645 739 2734 adesset,
775 2647 965 2732 considerati
987 2668 1093 2750 quent.
1112 2718 1126 2741 1,
1159 2650 1252 2720 Haec
1271 2651 1385 2747 igitur,
1420 2651 1536 2752 quibus
1555 2674 1621 2724 tam
1646 2650 1780 2752 insignis
1800 2651 1873 2728 cel'us

523 2739 651 2824 ‘motus
671 2749 758 2822 liberi
779 2773 955 2847 corporum
977 2741 1156 2852 tigidorum
1176 2753 1377 2840 continetur,
1408 2753 1548 2828 omuino
1564 2748 1765 2856 suutdiguu,
1791 2777 1824 2830 ut
1835 2755 1873 2830 di·

539 2851 687 2954 ligentius
705 2849 904 2928 evolvantur.
1864 2847 1870 2856 ‘

922 3015 1502 3099 DEFJNIT10.10.

645 3142 725 3214 59o‚
751 3119 867 3192 Motus
886 3123 1008 3193 mixtur
1027 3143 1066 3198 ert
1080 3124 1272 3219 progreffiuo
1286 3141 1314 3198 et
1323 3129 1499 3223 gyratomo
1510 3123 1576 3206 ell.
1600 3111 1802 3230 quo'cotpur
1814 3150 1871 3231 pu·

540 3220 600 3292 tint
620 3225 701 3290 circu
719 3227 906 3319 quempiam
926 3245 1019 3293 exem
1041 3223 1249 3321 principalem
1270 3220 1323 3302 seu
1343 3227 1482 3302 liberum
1500 3251 1651 3328 gyratur,
1677 3241 1870 3330 pertimuere

485 3371 488 3377 -
540 3326 582 3394 ite
596 3315 724 3422 insuper
743 3339 911 3409 mouetur,
939 3342 974 3394 ut
992 3323 1057 3412 ejus
1071 3327 1137 3395 axis
1151 3321 1206 3395 fibi
1223 3318 1350 3426 semper
1362 3349 1491 3401 maneat
1501 3327 1681 3428 parallelus.

1024 3484 1330 3584 COROLL.
1379 3481 1421 3565 u*

596 3585 728 3684 ²593.
760 3583 810 3660 nd
839 3606 969 3660 motum
998 3613 1076 3689 ergo
1096 3585 1191 3663 toletu
1212 3595 1357 3664 ntixturn'
1376 3577 1660 3697 cognoscendum,
1694 3555 1869 3702 ert‘qnodvt

540 3709 670 3791 tempus
691 3682 781 3762 nolle
800 3709 948 3788 oportet,
990 3699 1045 3762 1⁰.
1065 3690 1258 3764 celeritatem
1279 3694 1679 3792 augulareut'circeuxem
1699 3707 1870 3801 gyrationi.

477 3802 499 3846 't
544 3789 806 3887 2⁰.celeritrtem
819 3815 883 3889 quo
897 3796 964 3864 unis
978 3811 1072 3868 motu
1087 3790 1285 3892 Progrelltvo
1301 3801 1527 3892 promovetur,
1550 3817 1583 3874 et
1599 3809 1658 3900 3⁰.
1675 3803 1871 3880 direutonen

541 3890 634 3985 liujus
652 3913 761 3966 motus
782 3887 986 3992 progreffivi,
1015 3893 1189 3991 quomodo
1203 3891 1242 3965 od
1257 3921 1350 3969 axem
1364 3906 1541 3998 gyrationir
1557 3900 1593 3977 fit
1613 3905 1777 3985 inclinate.

1019 4060 1419 4148 couornn

646 4187 729 4255 594.
755 4159 908 4236 Celeriter
928 4187 1029 4263 porro
1048 4165 1207 4266 ungulatis
1225 4167 1342 4242 eudem
1365 4169 1467 4246 morlo
1487 4173 1705 4262 aestimatum·
1718 4205 1755 4254 oc
1778 4175 1799 4254 fi
1819 4179 1867 4250 orit

541 4256 731 4366 quiesceret:
768 4263 909 4336 celeritas
928 4283 1055 4352 nutem,
1093 4293 1129 4338 nc
1149 4267 1283 4370 direclio
1306 4295 1414 4347 motus
1437 4275 1625 4378 progressuri
1647 4303 1687 4356 ex
1707 4305 1800 4356 motu
1818 4281 1866 4354 tuit

540 4371 736 4468 gyratione,
749 4445 754 4454 ,
769 4362 819 4440 tel
839 4387 879 4439 ex
897 4386 992 4441 motu
1001 4374 1105 4484 penui
1119 4372 1388 4480 inertiaejudicuti
1400 4374 1504 4478 debet.
1644 4377 1647 4386 ’
1700 4376 1703 4384 ’

1710 4515 1863 4599 EXPLI-
