3760 5016
888 1 1093 54 aff.
1361 6 1413 14 ,Τ
1516 10 1587 26 ,,

168 347 377 445 MOTUS
404 347 727 464 TURBlNUNl
754 351 951 451 SUPER
973 357 1179 454 PLANO
1205 363 1287 460 &c
1343 381 1421 482 387
1565 371 1567 377 ’
1628 483 1631 496 .

69 609 202 688 undetit
219 577 371 741 proxime
385 645 411 714 p
423 645 461 688 =
479 638 500 710 p
518 671 557 690 ..
608 551 762 652 wgo
784 599 816 633 ‘⁹
829 559 917 685 ⁹2)-
940 645 1003 724 pro
1028 628 1171 705 minimo
1189 625 1297 706 valore
1316 627 1412 734 ipliuu

248 783 253 794 ,
616 693 879 794 nanuum

68 813 90 882 p
108 815 141 860 .·.·
154 783 290 910 col'dld,
314 789 367 866 scu
382 818 443 894 pro
455 796 602 866 aneximo
614 817 687 864 arcu
701 793 770 868 ΖΛ.

220 1052 225 1058 ¹
549 954 942 1050 cororupe

166 1064 254 1144 866.
279 1057 574 1160 Sioauterninfig.
600 1087 685 1152 109.-
697 1053 878 1158 spedlernut
892 1058 931 1132 ad
946 1062 1102 1164 angulum
1124 1063 1200 1150 llil,
1232 1091 1300 1168 quo
1319 1069 1411 1144 incli-

65 1167 149 1236 natio
163 1168 231 1234 axis
244 1161 286 1233 ad
297 1165 514 1247 horizontem,
539 1164 625 1252 cujus
641 1159 725 1235 lluut
738 1157 784 1244 cll
798 1191 835 1229 =
842 1185 880 1254 p,
899 1169 1016 1236 uninor
1027 1163 1097 1239 fieri
1111 1193 1178 1240 nou
1190 1167 1310 1268 potell:
1337 1197 1411 1243 nto·
1513 1199 1518 1204 ·

64 1283 112 1338 tm
123 1265 258 1335 turbinis
270 1267 450 1362 gyrarorius
464 1267 611 1362 perennia
624 1255 686 1334 css‘e
701 1265 828 1361 nequit,
854 1258 912 1334 nifi
925 1264 1015 1338 valor
1027 1272 1183 1341 minimus
1198 1267 1294 1368 ipfius
1307 1297 1336 1366 p
1355 1268 1409 1343 ads

62 1369 123 1438 hnc
135 1359 234 1436 suerit
248 1367 351 1452 major
363 1389 460 1462 quam
477 1360 561 1435 llnns
573 1363 682 1464 anguli
694 1363 763 1440 lfk.
804 1363 1230 1466 *Quarepofitosmltim
1247 1373 1286 1456 k,
1314 1371 1409 1447 deber'
1482 1443 1509 1472 Ι,

155 1477 157 1483 “
261 1463 407 1560 4⁶‘dd'(¹
429 1464 526 1550 -dk)

63 1527 121 1608 else
136 1567 168 1614 ee
187 1544 221 1610 >
239 1569 558 1607 ---······-.

298 1599 486 1697 vitta-k)
545 1641 548 1650 ·

283 1845 293 1866 ,
501 1761 985 1855 SCHOLIONu.
1401 1840 1403 1849 ,

165 1877 250 1972 867.
276 1873 343 1946 Hic
356 1893 435 1970 ergo
448 1867 532 1942 duos
552 1861 639 1942 casus
656 1866 806 1942 constitui
825 1878 994 1960 conuenit,
1027 1872 1162 1950 alterum
1181 1901 1247 1980 quo
1266 1875 1407 1956 celeritas
1541 1889 1543 1894 ’

1054 1981 1318 2076 Μήιον.
1367 1989 1388 2075 )

61 2039 219 2142 attguluris
232 2036 350 2110 turbini
362 2039 507 2138 primum
521 2027 670 2134 impress‘a
689 2039 827 2111 emiuor
845 2035 905 2128 eil,
935 2065 1033 2140 quam
1332 2089 1405 2131 -.,

60 2254 193 2352 alterum
206 2299 274 2376 quo
285 2279 345 2350 hac
356 2279 530 2378 quantitate
543 2271 588 2348 est
603 2279 716 2367 major,
741 2237 842 2398 Priori
855 2272 1003 2377 casuquo
1016 2309 1033 2357 ι
1045 2293 1081 2370 ς

59 2451 153 2523 tmbo
167 2431 245 2520 inor
261 2447 414 2549 procidet,
440 2439 651 2546 queniam'ad
667 2427 840 2544 minimam
850 2447 1091 2528 inclinationem
1104 2455 1268 2550 pervenire
1281 2459 1402 2553 nequit,

58 2559 139 2651 quin
157 2573 292 2648 corpore
313 2547 371 2640 suo
391 2547 524 2647 planum
550 2545 750 2623 horizonttle
776 2555 927 2649 attingat,
968 2549 1072 2652 licque
1092 2571 1201 2644 mutue
1221 2561 1402 2652 gyratoriut

839 2652 1140 2750 orfeu-m

7 2717 8 2724 ,
57 2713 245 2792 desstttatttr.
296 2711 464 2788 Posteriorl
478 2737 556 2792 vero
567 2711 638 2788 casu
651 2729 795 2816 quoe>
835 2759 1154 2884 -ἇ-α-ῇΡ-Ῑ,
1181 2736 1290 2794 motus
1306 2744 1401 2820 gyro.

49 2897 156 2968 'torius
170 2875 484 2990 perpetuo'durobir,
503 2883 764 2989 quandoquidem
781 2884 962 2962 asridlioue
973 2890 1190 2989 omnibusque
1210 2875 1319 2978 mutue
1337 2891 1401 2964 ob·

58 2992 180 3066 iluculis
193 3012 338 3064 mentem
352 2989 574 3064 abllrclrimut.
598 3031 599 3036 =
623 2991 669 3062 Ur
683 3015 762 3089 ergo
780 3008 888 3064 rnotus
902 2995 1082 3090 gyratorius
1095 2990 1228 3089 prodeat
1241 2997 1398 3090 perennia,

58 3086 178 3168 uecesle
193 3089 237 3166 cll
251 3093 366 3164 turbini
382 3097 523 3188 primum
537 3091 694 3180 rnajorem
707 3090 899 3188 celeritaterru
913 3089 1126 3190 augulnrcme
1138 3097 1399 3192 imprimi,quam

58 3193 111 3268 illa
126 3190 264 3267 fornmla
279 3193 417 3268 exhibet.
470 3195 556 3265 Patet
568 3209 695 3278 autem,
734 3217 802 3289 quo
822 3195 925 3280 major
943 3191 1059 3262 turbini
1078 3191 1218 3266 celeritas
1237 3191 1398 3291 arrgnlnric

59 3301 276 3394 imprimetur,
300 3319 341 3364 eo
363 3297 471 3372 mium
491 3317 568 3365 eum
587 3289 627 3362 nd
646 3291 1058 3364 horizontem'inclinatum
1079 3297 1133 3374 iri,
1149 3293 1193 3366 ‘ac
1212 3291 1235 3364 st
1255 3291 1398 3367 celeritas
1535 3289 1539 3298 ’

56 3397 106 3471 illa
119 3393 202 3468 soret
213 3391 349 3478 infinita,
373 3394 468 3465 ttrrbo
481 3388 617 3465 eandem
632 3390 874 3466 inclinationem
888 3414 1040 3492 perpetuo
1054 3388 1260 3476 conservaret.
1288 3396 1398 3484 Quan-

57 3497 98 3570 do
112 3523 220 3569 autem
237 3514 345 3568 motus
359 3496 537 3592 gyratorius
549 3489 593 3564 cll
608 3499 772 3592 perennis,
800 3493 895 3566 turbo
912 3495 951 3564 ab
965 3499 1056 3567 initio
1070 3500 1172 3594 magis
1185 3495 1225 3566 ad
1239 3497 1397 3568 horizon·

57 3617 119 3672 tem
133 3595 350 3680 inclinabitur,
376 3593 481 3668 donec
497 3599 673 3666 teterrimam
694 3592 935 3667 inclinationem
954 3600 1107 3694 attigerit,
1136 3615 1205 3672 tum
1227 3591 1342 3668 iterum
1362 3589 1396 3668 se
1434 3682 1435 3690 ἵ

59 3707 152 3800 eriget
166 3697 319 3798 usquead
334 3695 447 3768 llatmn
463 3692 708 3794 initialem,quo
723 3693 776 3766 ubi
793 3689 980 3792 pervenerit,
1006 3693 1093 3794 quali
1105 3719 1204 3766 unam
1219 3715 1328 3790 motos
1347 3689 1394 3766 sui

58 3797 225 3900 periodum
252 3790 414 3869 ablolviffc
439 3793 484 3868 ell
507 3791 704 3880 censendus,
746 3795 894 3892 deinceps
916 3793 1008 3866 llmili
1030 3795 1132 3866 modo
1158 3789 1395 3893 progressurum

58 3927 223 4001 nunquam
241 3904 330 3970 enirn
351 3897 446 3968 turbo
468 3901 570 3994 magis
587 3893 644 3968 fiet
661 3893 803 3981 erectus,
833 3921 929 3994 qrtam
950 3891 1052 3968 suernt
1070 3900 1179 3979 initio,
1216 3895 1239 3967 fi
1261 3895 1394 3995 quidem

57 4001 139 4074 nulla
151 3996 278 4073 affuerit
292 3997 406 4072 iridlio.
457 3997 606 4095 Namque
619 3991 641 4067 fi
655 3998 765 4082 turbo,
788 3993 868 4068 dum
882 3991 1009 4095 cuspide
1018 3990 1113 4092 -super
1126 3994 1223 4094 plnno
1242 3999 1394 4068 horizon·

58 4102 108 4174 tali
123 4100 255 4184 incedit,
281 4094 471 4172 frictionem
480 4091 641 4184 offendat,
672 4101 737 4187 ejus
758 4091 890 4170 effectus
908 4101 941 4166 in
962 4097 1116 4194 crigeudo
1134 4095 1394 4174 turbineconsrr·

60 4224 182 4288 metur,
206 4222 362 4302 quatenus
376 4203 402 4272 is
416 4199 458 4274 ob
478 4204 634 4271 minutam
653 4195 846 4272 celeritatem
869 4195 1054 4296 angularem
1075 4223 1141 4269 non
1163 4197 1285 4297 prolabi
1304 4203 1394 4298 cogi·
1539 4245 1561 4263 ,-

61 4325 118 4382 tm.
150 4299 155 4307 ’
170 4308 277 4392 Quare
292 4305 414 4374 nemini
428 4305 547 4371 mirum
561 4297 658 4372 uideri
671 4298 780 4377 debet,
805 4295 829 4369 st
843 4302 1032 4397 experientia
1055 4297 1165 4372 nullro
1185 4297 1309 4376 caludo
1331 4303 1394 4398 mig
1509 4329 1511 4336 ’

60 4409 309 4494 resecaverint,
333 4419 410 4478 cu'm
423 4395 785 4476 aberrationeafridiioni
799 4396 1070 4479 linttribnendae,·

760 4502 902 4599 ‚ecce
1050 4557 1053 4564 .
1136 4491 1139 4504 ’
1256 4495 1396 4573 SCHO·
1486 4581 1548 4616 .-
