3810 5024
490 325 575 418 ,ος
831 295 1033 396 cucur
1051 297 1163 414 vu.
1230 299 1315 394 on
1333 270 1508 396 uuoru
1611 415 1614 426 .

496 541 572 592 curn
595 505 693 586 semel
714 510 747 582 in
766 509 833 608 pari
852 531 869 576 a
887 505 972 576 relic
991 499 1129 578 verticuli
1150 475 1359 603 elongatione
1379 527 1489 603 parent
1505 495 1695 598 celeritatem
1706 505 1822 610 μὴμὴ.

496 637 567 692 rem
580 616 752 714 acceperit,
769 606 922 708 deince'pr
942 611 1100 679 continuo
1115 600 1209 678 simili
1223 623 1318 700 motu
1331 604 1476 706 angulari
1489 599 1616 680 seretur.

895 803 1455 890 EXPLICATIO.
1548 798 1566 814 ”

320 933 358 1014 125
399 937 424 1011 5
451 983 463 1011 ,
605 939 688 1014 533.
718 917 888 1014 Sicorpus
910 931 1049 1014 ponatur
1067 907 1284 1013 quodcunque
1307 913 1437 990 AEBF.
1468 907 1559 1012 quod
1576 938 1594 985 a
1614 905 1678 988 sola
1696 921 1825 1018 gravitate

358 962 392 1041 g·
426 957 463 1034 7'
498 1019 811 1100 sollicitatumcirca
836 1039 930 1089 axem
957 1009 1195 1087 horizontalem
1217 1013 1249 1083 O
1273 1033 1429 1114 gyrerur,
1478 1019 1587 1111 primo
1609 1020 1673 1107 ejus
1700 1039 1826 1091 centrum

500 1127 633 1200 inertiae
659 1125 669 1190 l
689 1112 898 1217 speliendum
915 1114 980 1199 eti,
1011 1115 1101 1216 quod
1122 1111 1145 1186 st
1165 1120 1197 1186 in
1219 1115 1302 1188 reela
1321 1114 1457 1188 verticuli
1478 1117 1541 1188 OC
1555 1114 1708 1204 versetur,
1730 1144 1826 1218 corpu·

501 1233 543 1300 ris
568 1219 661 1294 litum
690 1219 887 1306 naturalem,
924 1223 959 1292 in
976 1243 1044 1318 quo
1060 1210 1260 1318 acquiescet,
1291 1213 1434 1293 iudicat:
1477 1217 1619 1318 angulum
1642 1241 1744 1294 auteur
1766 1225 1828 1294 COl

503 1328 664 1424 elongatio
688 1348 708 1393 o
718 1324 787 1422 stru
804 1322 949 1395 naturali
976 1340 1117 1392 vocetur.
1168 1315 1292 1402 Quodn
1314 1321 1376 1408 jum
1396 1319 1471 1393 huie
1484 1346 1541 1392 cor
1564 1325 1613 1392 ori
1631 1317 1740 1394 indata
1753 1322 1828 1396 elon·

504 1433 638 1532 gerione
656 1421 748 1498 datura
769 1444 879 1496 motus
899 1421 1062 1523 angularis
1082 1415 1178 1494 fuerit
1198 1415 1385 1520 impressus,
1430 1347 1610 1519 pendullun
1637 1419 1763 1522 simplex
1783 1417 1829 1496 iso·

463 1605 466 1620 ,
507 1534 671 1606 thronum
696 1531 737 1597 ita
755 1521 850 1598 debet
867 1519 1194 1624 css'ecoruparatutn,
1232 1519 1475 1625 utfieiinpari
1492 1521 1728 1623 elongationea
1769 1523 1829 1596 ualir

509 1647 621 1706 motor
639 1625 799 1726 augularis
819 1631 1043 1725 imprimatur,
1083 1622 1233 1722 deinceps
1251 1623 1345 1714 hrtjue
1364 1643 1646 1722 motueperpetuo
1667 1624 1702 1698 stt
1720 1551 1829 1726 rtlpou·

508 1729 599 1810 sturua
624 1733 729 1802 motui
749 1735 894 1826 corporis
918 1725 1087 1828 proposui.
1144 1723 1208 1800 Vel
1224 1729 1299 1824 quia
1315 1743 1420 1796 totum
1435 1731 1605 1825 negotium
1621 1725 1831 1828 ulongitudiue

507 1836 602 1924 huius
623 1827 754 1932 penduli
778 1827 929 1930 simplicia
948 1826 1082 1928 pendet,
1127 1821 1151 1898 st
1175 1825 1208 1898 ud
1232 1822 1331 1898 fuerit
1349 1825 1405 1901 OS
1432 1845 1528 1927 atque
1548 1853 1589 1901 ex
1606 1812 1832 1916 communiere

505 1941 541 2011 0
560 1929 729 2034 strpenfirm
747 1927 962 2031 concipiatur,
993 1947 1088 2004 motu
1105 1925 1166 2000 suo
1285 1949 1344 2001 tuo
1361 1948 1493 2002 motum
1511 1936 1657 2032 corporis
1675 1931 1780 2001 nutv
1790 1953 1832 2000 co·

380 2105 390 2112 .
506 2037 694 2116 mirabitur,
738 2031 924 2108 dummodo
954 2029 1054 2105 semel
1085 2055 1186 2130 aeque
1201 2057 1255 2102 ern
1291 2049 1421 2102 motum
1455 2037 1653 2130 gyrarociunu
1685 2033 1831 2130 acceperit.

506 2134 641 2216 Perinde
659 2130 792 2234 quidem
818 2133 889 2219 eil,
930 2131 994 2205 live
1017 2135 1081 2206 hoc
1104 2130 1280 2230 pendulum
1306 2129 1443 2230 suuplex
1463 2131 1567 2206 cidem
1586 2137 1636 2206 axi
1656 2131 1831 2233 applicitum

507 2243 724 2337 concipiatur,
756 2232 818 2307 live
837 2225 943 2308 ¹secus:
974 2229 1027 2308 sed
1046 2237 1203 2331 quonium
1216 2239 1365 2333 utrinque
1380 2232 1603 2334 elongationee
1614 2259 1632 2305 a
1645 2231 1702 2306 stru
1716 2229 1831 2306 verticuli

506 2337 571 2412 OC
593 2354 749 2436 perpetuo
769 2334 900 2408 eaedem
925 2331 988 2410 effe
1006 2333 1143 2416 delient,
1165 2341 1375 2434 corporisque
1388 2335 1554 2434 elongatio
1568 2361 1607 2410 ex
1622 2333 1784 2408 stturedlee
1795 2333 1831 2405 01

506 2439 553 2517 cll
566 2433 776 2524 aestimanda,
808 2435 987 2537 pendulum
1008 2431 1145 2532 limplcv
1163 2433 1429 2510 commodissime
1442 2441 1475 2508 itt
1490 2435 1613 2535 pundlo
1626 2440 1659 2512 Ο
1672 2430 1829 2540 suspensum

503 2537 743 2630 conliduntur,
785 2541 820 2611 ut
846 2543 909 2628 ejus
930 2535 1003 2612 ficos
1027 2539 1082 2610 OS
1108 2533 1265 2638 perpetuo
1283 2543 1316 2610 in
1337 2539 1525 2614 reclamo!
1548 2535 1685 2626 incidat,
1722 2555 1830 2636 totuqut

343 2649 367 2714 s
506 2639 654 2750 quaestio
666 2637 706 2712 ad
725 2637 1027 2736 determinationem
1042 2639 1157 2740 puniii
1173 2645 1391 2736 summetur.

820 2881 828 2892 r
988 2841 1391 2928 cononum

616 3009 702 3085 534.
731 2985 869 3058 Invento
887 2984 959 3074 hoc
974 2961 1097 3079 poncio
1124 2983 1146 3054 S
1166 2987 1199 3053 in
1219 2981 1303 3054 recia
1328 2978 1562 3082 nuptorum,
1591 3005 1707 3084 corpur
1725 2949 1829 3082 perinde
1872 2960 1875 2968 ¹

512 3089 716 3180 movebitur,
751 3110 789 3160 ec
817 3084 840 3159 fi
866 3103 932 3158 tota
958 3085 1026 3173 ciue
1055 3076 1220 3155 mulleio
1251 3077 1320 3184 ipso
1345 3085 1410 3156 hoc
1430 3087 1553 3184 puntlo
1572 3089 1594 3158 S
1615 3083 1690 3161 esset
1708 3081 1828 3158 colludit:

510 3185 993 3394 {lelnelllmdsleloenfim
1011 3179 1252 3321 evanescentem
1274 3184 1410 3260 habetur
1429 3185 1611 3287 pendulum
1633 3185 1763 3289 simplex
1777 3179 1830 3253 loe·

995 3449 1303 3531 COROLLL
1354 3482 1383 3532 2.
1692 3524 1693 3530 ,

444 3585 450 3596 ·
507 3633 515 3650 „
583 3567 588 3576 “
618 3575 701 3651 535.
726 3553 805 3626 Hoc
824 3575 903 3652 ergo
923 3553 1082 3648 punilum
1103 3557 1246 3655 Squaeri
1259 3557 1398 3631 debetin
1413 3559 1517 3647 recila,
1539 3585 1623 3663 quae
1636 3584 1693 3662 per
1711 3572 1830 3634 centrum

361 3656 364 3664 ’
513 3660 645 3732 inertiae
664 3659 810 3755 corporis
835 3653 874 3726 ad
894 3677 988 3726 anem
1008 3659 1394 3754 gyruiorum-normaliter
1406 3659 1548 3750 ducitur,
1581 3657 1703 3739 etiamst
1722 3664 1831 3734 hicnon

514 3757 553 3832 fit
571 3749 798 3844 necessarium,
827 3772 859 3829 et
878 3753 1059 3856 pendulum
1084 3755 1220 3860 simplex
1245 3763 1301 3834 OS
1319 3786 1360 3837 ex
1379 3761 1497 3839 eodem
1522 3769 1589 3840 artie
1607 3763 1730 3870 puudlo
1747 3761 1775 3834 0
1793 3745 1830 3829 su·
1881 3793 1882 3844 r

410 3887 413 3894 ·
513 3855 664 3960 speolunt
684 3857 846 3937 statuatur.
899 3889 916 3908 ι’
1343 3867 1348 3874 ·
1693 3909 1696 3912 ,

996 4023 1421 4107 8οΗοΕΙΟΜ,

620 4153 704 4245 53⁶·
727 4147 816 4222 Cum
835 4145 921 4222 illud
937 4149 1114 4248 pendulum
1135 4149 1227 4226 nmrtr
1251 4173 1347 4228 utotu
1367 4155 1467 4230 iatum
1483 4157 1529 4234 ob
1542 4157 1660 4238 mallee
1672 4145 1783 4235 evenes
1822 4185 1832 4206 ·

516 4253 595 4324 tium
614 4252 749 4350 'impletu'
772 4271 905 4332 vocetur
937 4249 982 4324 ud
1011 4253 1100 4326 laune
1131 4252 1269 4330 modum
1302 4281 1438 4358 corpora
1470 4271 1600 4364 quaevis
1624 4257 1746 4339 extensu
1769 4257 1833 4330 circa

516 4375 613 4430 exem
636 4347 743 4430 fixum
767 4351 902 4430 monn·
925 4359 1034 4430 vocari
1060 4349 1164 4432 solem
1181 4356 1323 4462 pareto
1347 4367 1539 4468 sumptuum
1577 4373 1621 4444 it.
1649 4383 1685 4442 ur
1712 4349 1835 4534 qwffit
