3872 5012
35 283 154 454 ,’
332 281 623 458 -ζς4”
977 243 1368 464 ussurus„
1530 321 1534 330 ·

489 551 568 628 quas
587 527 621 597 in
638 517 764 596 mundo
784 509 1010 601 observemus,
1047 541 1137 616 quires
1156 511 1288 613 cffedlus
1310 495 1347 592 in‘
1362 513 1480 594 eodem
1502 536 1641 614 corpore
1659 509 1724 589 site
1742 513 1844 592 motti

443 625 446 636 ’
490 623 747 726 liud-quiescente
762 618 955 720 producere,
975 639 1009 691 et
1032 645 1073 692 ue
1087 624 1246 704 cumino,
1265 621 1437 704 concedo,
1460 645 1477 690 a
1497 611 1634 690 flurniue
1657 615 1743 692 idern
1766 645 1846 694 cor·

478 731 571 832 pus,
598 725 659 798 sure
673 645 1086 821 utoventorfiteqoieset‚
1112 719 1211 820 longe
1225 720 1460 822 aliterimpelli.
1512 719 1638 793 Verum
1658 723 1724 793 ltoc
1734 714 1846 820 ipsunt

239 881 244 894 ι
374 899 378 910 „
490 825 682 928 exemplum
709 821 851 898 nostrum
879 818 1044 918 streosorae
1071 828 1229 894 rationem
1257 829 1385 923 egregie
1409 819 1602 897 confirmet:
1646 819 1725 894 dunt
1750 829 1846 895 enirn

493 929 713 1013 affirmamus,
749 924 836 998 idem
853 949 972 1021 corpus
991 951 1009 995 e
1029 921 1166 996 flumine
1191 923 1281 996 nliter
1307 925 1450 1024 impelli,
1488 943 1585 1022 prout
1609 921 1658 995 vel
1676 928 1846 1020 quieverit,

491 1029 544 1106 vel
557 1027 651 1104 suerit
670 1045 821 1110 snorum,
845 1031 926 1098 vires
945 1023 1123 1124 inaequales
1141 1019 1364 1123 agnoscimus,
1388 1053 1424 1098 ac
1436 1051 1496 1125 pro
1511 1048 1650 1122 corpore
1664 1045 1760 1096 moto
1775 1031 1846 1098 tint

492 1131 631 1236 praecise
649 1141 770 1202 tantem
789 1123 1014 1210 aellitoaoms,
1048 1147 1166 1224 quanta
1187 1131 1222 1198 io
1242 1152 1381 1228 corpore
1399 1123 1579 1227 quiescente
1597 1123 1740 1198 eundem
1764 1121 1849 1199 effe·

490 1235 584 1310 diurn
609 1227 684 1306 elsct
705 1227 908 1330 produclurt.
971 1229 1062 1300 Hinc
1078 1232 1197 1326 etiarn,
1236 1235 1369 1326 quondo
1387 1226 1427 1300 de
1446 1228 1632 1326 corporibus
1652 1233 1684 1297 in
1703 1221 1847 1302 flumina

492 1342 593 1412 motis
607 1339 726 1432 agitur,
750 1353 810 1428 pro
824 1334 939 1429 quovis
960 1328 1127 1402 celeritatis
1147 1327 1246 1429 gredo
1267 1336 1331 1415 vis,
1358 1355 1456 1430 quom
1477 1325 1601 1400 llotnen
1622 1328 1697 1398 sslu
1717 1333 1750 1398 iu
1770 1353 1845 1400 cor·

383 1422 386 1432 ¹
491 1463 573 1540 pore
592 1441 708 1518 exerit,
733 1426 865 1503 sollicite
886 1429 1133 1516 determinatur,
1164 1456 1201 1500 te
1221 1429 1346 1528 semper
1362 1452 1459 1503 rtota=
1474 1427 1633 1512 llatuitut,
1663 1449 1784 1528 quante
1809 1434 1844 1502 in

490 1537 611 1613 eodetn
632 1527 794 1632 corpore,¹
819 1527 1053 1631 liquesceret,
1077 1530 1217 1604 eundem
1240 1528 1394 1604 effectum
1418 1531 1616 1630 produceret.
1669 1534 1781 1632 Quare
1801 1531 1844 1604 di·

378 1701 381 1710 Δ
440 1663 446 1672 “
491 1638 573 1712 sisto
587 1641 706 1708 visioni
720 1639 753 1705 io
769 1623 924 1706 absolutas
939 1655 972 1730 et
983 1631 1174 1704 relativnsin
1187 1629 1399 1730 superioribus
1412 1633 1497 1706 libris
1510 1628 1609 1716 sadla,
1633 1639 1765 1734 proprie
1780 1635 1844 1704 ltus

492 1765 564 1814 uon
577 1741 730 1836 pertinet,
756 1758 832 1805 cum
846 1739 961 1832 quovit
975 1728 1046 1806 esso
1061 1757 1091 1805 et
1107 1758 1167 1832 pro
1180 1739 1294 1832 quovit
1310 1757 1484 1808 momento
1503 1760 1539 1806 ea
1559 1739 1606 1805 vis
1625 1738 1659 1804 iu
1680 1731 1842 1806 calculum

473 1838 653 1918 ,introduci
675 1835 805 1916 debeat,
835 1861 918 1932 quse
937 1839 1054 1934 corpus
1074 1857 1205 1906 snorum
1220 1861 1339 1934 seque,
1370 1864 1407 1910 tc
1429 1833 1451 1906 st
1469 1831 1660 1934 quiesceret,
1692 1831 1842 1933 impellit.

492 1943 533 2015 lo
544 1935 819 2036 contempl-atione
832 1956 941 2008 autem
957 1940 1073 2006 virium
1090 1932 1227 2032 ipserum
1242 1937 1441 2034 plorirnuutn
1457 1936 1583 2012 interesl
1598 1930 1710 2026 nolle,
1731 1959 1842 2014 uuum

490 2065 630 2145 corpora
643 2059 733 2114 mota
745 2063 847 2138 seque
859 2033 1016 2120 afficitor,
1041 2033 1304 2138 requiescentis,
1328 2067 1389 2116 nec
1404 2045 1466 2121 ne?

943 2243 969 2313 S
994 2240 1027 2316 C
1049 2241 1089 2314 H
1113 2242 1147 2317 Ο
1174 2243 1205 2313 L
1231 2246 1257 2315 Ι
1271 2244 1317 2318 ,0
1342 2243 1391 2324 Ν.

650 2365 733 2438 ι4ς.
760 2343 859 2450 Qtod
883 2366 962 2442 ergo
983 2343 1023 2416 ed
1037 2352 1253 2444 quantitatem
1272 2352 1389 2418 virium
1410 2341 1597 2445 corpuscula
1619 2363 1710 2420 moto
1728 2337 1842 2420 sollici·

366 2499 372 2509 ·
494 2446 633 2526 unctum
644 2453 783 2526 attinet,
820 2473 892 2519 etro
920 2471 959 2518 ex
976 2439 1094 2519 effectu
1120 2441 1172 2518 seo
1194 2442 1329 2546 spatiolo
1349 2457 1382 2520 in
1408 2445 1599 2522 definitione
1621 2445 1773 2545 descripto
1794 2453 1840 2518 ita

270 2573 275 2582 '
341 2551 655 2654 Pignupetimus,
688 2546 776 2647 quast
798 2543 1025 2646 corpusculum
1076 2543 1237 2624 uie'sceret.
1301 2549 1429 2626 Scilicet
1453 2548 1476 2620 st
1503 2547 1726 2650 corpusculum
1754 2548 1839 2618 ins

520 2647 658 2724 oiesecus
680 2675 699 2720 a
724 2655 755 2719 vi
782 2681 821 2720 =
847 2674 870 2741 ρ
897 2572 1100 2748 tempusctlo
1124 2681 1161 2720 e:
1188 2655 1226 2721 dr
1250 2677 1308 2749 per
1327 2648 1498 2752 spatiolum
1521 2655 1567 2728 So
1582 2683 1620 2722 ::
1642 2655 1690 2730 du
1710 2673 1840 2748 protm·

342 2753 482 2855 Figm.
537 2769 605 2838 tur,
631 2749 717 2822 idern
739 2750 968 2850 corpusculum
989 2771 1137 2822 moturus
1169 2777 1245 2850 quo*
1259 2750 1464 2852 tempusculo
1484 2759 1522 2824 dt
1551 2747 1774 2850 percussorum
1793 2743 1842 2824 es·

268 2915 273 2926 .
361 2850 539 2952 sa.13.set
558 2849 693 2951 spatium
712 2854 805 2922 St:
818 2855 875 2932 ds,
900 2852 1030 2922 morab
1053 2849 1175 2949 aequali
1197 2859 1226 2922 vi
1240 2879 1268 2946 p
1287 2861 1392 2953 urgeri
1415 2849 1609 2939 censebitur,
1635 2851 1763 2926 liultre
1779 2855 1841 2924 boc

493 2953 632 3056 spatium
646 2957 684 3024 St
697 2947 825 3050 iusuper
840 2976 897 3052 per
909 2950 1042 3050 aequale
1060 2947 1230 3047 spatiolum
1250 2979 1290 3032 se
1309 2987 1345 3024 =
1364 2959 1413 3034 do
1434 2951 1607 3028 secondum
1627 2953 1841 3034 direclionem

493 3063 541 3129 vis
557 3051 750 3156 proseratur,
775 3057 816 3124 ita
831 3076 866 3125 ot
882 3058 933 3124 bie
946 3078 1056 3126 motos
1069 3052 1253 3152 corpusculi
1266 3054 1345 3125 nihil
1361 3061 1502 3127 otuuino
1521 3061 1554 3127 in
1569 3050 1685 3130 effedlu
1706 3061 1753 3129 vis
1768 3049 1843 3126 nm·

361 3245 365 3252 Ι
487 3175 552 3252 μοι.
602 3157 659 3226 Sin
677 3175 787 3226 autent
806 3161 840 3225 in
861 3152 940 3253 figg.
966 3180 1021 3248 tt,
1054 3179 1109 3239 ta,
1142 3179 1196 3244 13,
1220 3150 1395 3254 spatiolum
1414 3185 1456 3236 se
1473 3161 1574 3248 majos
1594 3153 1688 3230 fucrit
1707 3157 1757 3230 vel
1783 3161 1840 3227 rni-

254 3347 262 3356 .
428 3339 432 3344 ,
494 3281 577 3337 uus,
607 3280 707 3354 quern
733 3249 903 3354 spatiolum
925 3257 970 3330 So
990 3283 1028 3326 ..-.·
1050 3257 1097 3332 do
1116 3254 1197 3356 (fig.
1223 3257 1311 3352 to),
1343 3258 1578 3358 intelligemus,
1609 3255 1841 3356 corpusculum

334 3383 337 3388 ·
395 3443 398 3448 ,
435 3353 443 3370 ⁹
495 3351 900 3460 quoqneavitotjotevel
917 3355 1189 3454 minoreimpelli.
1240 3358 1383 3442 Quetefi
1399 3366 1599 3458 potuerintne
1616 3354 1751 3435 effedlos
1770 3384 1845 3460 que·

495 3482 699 3558 mmcunque
724 3462 838 3535 viriutn
866 3460 898 3526 in
927 3455 1126 3552 corpusculis
1151 3454 1381 3556 quiescentibus
1415 3461 1645 3546 determinare,
1687 3466 1844 3536 omniunt

487 3595 491 3602 ·
518 3585 626 3658 ooque
639 3563 755 3628 virium
769 3552 902 3630 effeslus
916 3561 949 3658 in
963 3554 1159 3654 corpusculis
1174 3565 1273 3632 motis
1290 3558 1446 3660 assignare
1465 3571 1661 3657 poterimus,
1686 3560 1844 3634 dontinu-

493 3587 543 3736 do
556 3669 672 3760 quotis
692 3652 762 3730 casn
781 3664 881 3740 uires,
907 3658 1022 3758 quibus
1041 3659 1231 3757 corpuscula
1252 3681 1340 3733 mota
1361 3657 1584 3746 sollicitenmr,
1608 3669 1666 3737 rite
1687 3661 1843 3736 definian-
1919 3699 1920 3720 t

497 3781 559 3840 tor.
609 3760 674 3832 Ubi
689 3760 819 3860 quidem
839 3763 903 3832 hoc
917 3779 1073 3857 perpetuo
1092 3757 1136 3830 eil
1152 3763 1343 3843 tenetidum,
1369 3763 1597 3860 corpusculum
1618 3764 1750 3866 aliquod
1771 3789 1843 3837 rno-

497 3879 569 3937 itun
588 3865 649 3932 avi
662 3895 699 3930 =
710 3886 733 3954 p
746 3857 901 3933 sollicitari
924 3853 987 3932 esse
1004 3853 1216 3948 censendum,
1242 3863 1372 3962 quendo
1398 3859 1528 3938 effertus
1552 3871 1584 3937 in
1604 3893 1646 3938 eo
1668 3866 1843 3964 prodosltts

496 3961 639 4062 aequalis
656 3959 702 4034 eli
721 3959 783 4048 illi,
821 3987 919 4060 quent
948 3965 994 4034 sis
1014 3991 1052 4029 =
1069 3985 1092 4054 p
1111 3965 1143 4032 io
1163 3962 1280 4036 eodem
1299 3965 1494 4064 corpusculo
1519 3963 1701 4065 quiescente
1723 3967 1844 4039 eodem

498 4085 648 4162 ternpore
661 4056 737 4136 esset
753 4062 957 4162 produslurs.
1008 4059 1183 4138 Videamus
1196 4079 1293 4164 ergo,
1316 4067 1488 4164 quomodo
1500 4073 1534 4136 iu
1552 4068 1750 4167 corpusculo
1769 4073 1843 4166 qni-

499 4160 623 4240 escenre
637 4157 805 4262 i'ptitiolum
820 4165 864 4241 Se
877 4195 913 4234 ε
928 4165 975 4241 do
989 4157 1019 4236 se
1041 4162 1076 4234 stt
1095 4163 1298 4252 habiturum,
1322 4165 1348 4244 fi
1369 4168 1408 4242 ab
1427 4166 1495 4243 sliit
1514 4189 1610 4274 arque
1626 4169 1697 4246 eliis
1716 4170 1844 4257 viribus,
1917 4199 1919 4262 q

497 4291 636 4372 querunt
648 4259 918 4342 mensureStatics
930 4261 1044 4351 closer,
1064 4259 1259 4356 solicitetur,

1682 4473 1845 4574 ,reuo-
