3830 5016
121 245 573 454 nnsonnrrsnx
599 301 794 400 narso
814 303 1097 400 nnnrmn
1114 279 1445 424 anrrrrsjn
1493 263 1533 408 ,’
1597 251 1600 255 ’

60 495 325 590 'edeo'ntensnrae
335 501 518 606 ponderum
533 499 803 591 fintvnotiffimae,
832 502 935 578 littera
957 505 1084 580 narra
1104 505 1248 596 eiusdem
1261 515 1411 610 corporis
1504 578 1510 587 ,
1613 558 1618 569 -
1715 501 1722 515 ’

60 604 194 686 niallam
214 607 366 692 denotat,
398 611 486 698 cujrrs
505 611 650 704 cognitio
665 601 765 704 perse
776 605 933 678 occultior
945 631 983 678 etr
998 610 1061 682 hcc
1074 602 1144 708 ipso
1160 605 1232 685 fitis
1242 609 1323 686 clare
1337 635 1412 711 per<

58 717 190 810 cipitur,
223 707 313 810 qnod
332 705 371 779 fit
389 704 523 808 ponderi
545 707 806 808 proportionalis,
829 701 835 714 ’
869 705 996 810 Deinde
1018 716 1172 806 temporis
1192 721 1207 780 t
1229 715 1325 784 eriam
1345 713 1408 785 cla·
1454 783 1456 788 .

56 836 127 886 ram
150 811 306 908 habemns
326 815 513 894 notionem,
545 832 620 878 cnm
639 807 704 898 ejus
724 803 932 906 quantitatem
955 833 1012 906 per
1033 806 1195 882 mensuras
1210 807 1409 898 certiffinras,
1435 880 1441 889 ,

56 912 155 986 v'eluri
173 915 299 984 minlsta
315 905 466 994 sectanda,
491 907 542 981 vel
563 912 685 978 minuta
705 913 826 1006 prima,
851 905 900 979 vel
920 910 1016 980 boras
1035 914 1213 1008 exprimere
1232 909 1407 992 valeamus,

56 1011 204 1088 Altitudo
228 1030 336 1086 autem
361 1035 395 1098 r,
434 1035 510 1084 ctam
531 1007 568 1080 fir
587 1006 669 1080 linea
690 1009 792 1091 redis,
829 1002 1070 1106 permansuras
1091 1017 1302 1107 geornerrtuas
1324 1010 1413 1095 dena

10 1125 12 1132 ’
55 1123 154 1190 nitur.
204 1116 329 1185 Verum
349 1110 450 1185 littera
467 1129 512 1191 n,
544 1134 606 1210 qua
626 1107 907 1208 proportionalitas
924 1107 1171 1196 determinatur,
1197 1136 1254 1209 per
1274 1105 1305 1182 se
1323 1111 1405 1204 de'fi.
1452 1201 1455 1206 .
1556 1109 1561 1122 '
1594 1119 1603 1194 J

32 1244 34 1253 ·
54 1222 163 1293 ultum
180 1213 325 1288 naloreru
346 1238 416 1296 non
432 1215 561 1311 recipit,
598 1201 651 1284 sed
672 1230 768 1312 prout
787 1207 926 1310 reliquae
944 1215 1135 1310 quantitates
1153 1209 1192 1286 ed
1214 1206 1288 1300 olias
1307 1233 1402 1312 annae
1569 1214 1573 1224 '

51 1313 130 1390 alias
154 1310 314 1400 mensuras
331 1307 390 1386 ceu
411 1319 545 1386 unitates
566 1307 762 1393 reseruntur,
801 1315 843 1382 ira
869 1315 967 1384 etiam
995 1309 1048 1386 alii
1075 1329 1170 1411 atque
1197 1309 1248 1382 alii
1276 1313 1403 1398 nalorea

52 1417 152 1492 tribui
176 1414 301 1489 debent.
378 1413 494 1488 Statim
515 1431 624 1485 autem
645 1437 681 1484 ac
701 1409 835 1510 reliquas
855 1414 1044 1508 quantitates
1058 1437 1103 1508 p,
1137 1416 1184 1497 Α,
1218 1427 1286 1484 tet
1306 1439 1322 1483 r
1342 1439 1404 1514 per

51 1513 275 1595 determinatas
292 1510 456 1594 mensuras
476 1517 704 1614 exprimimus,
731 1510 833 1585 littera
854 1530 879 1592 Λ
897 1509 1146 1584 deterrninatnrn
1168 1509 1311 1594 valorem
1333 1507 1398 1586 adi-⁸

50 1613 199 1718 piscitur,
223 1621 280 1718 qni
299 1621 338 1688 ira
360 1634 566 1714 cornpararus
589 1607 651 1686 ell‘e
667 1609 777 1694 debet,
810 1633 845 1684 ut
863 1637 923 1710 pro
944 1617 1042 1686 unico
1062 1607 1133 1685 casn
1155 1617 1319 1688 veritatem
1340 1613 1403 1686 exi

49 1720 177 1814 lubeat,
210 1735 279 1790 tum
303 1721 391 1817 eninr
415 1735 571 1814 perpetuo
591 1709 731 1786 eundem
748 1711 892 1786 valorem
913 1703 1079 1796 retinebit,
1107 1713 1260 1812 quamdin
1281 1710 1398 1788 scilicet

50 1815 163 1892 iisdem
191 1813 346 1891 mensuris
371 1838 511 1894 utamur.
554 1811 642 1888 ‘'’rlie
666 1833 774 1912 autem
803 1812 892 1884 valor
921 1836 961 1886 ex
984 1817 1176 1910 experientia
1203 1818 1266 1912 peti
1291 1805 1401 1904 debet,[

50 1945 126 1993 cum
142 1924 242 2000 etiam
256 1913 422 1992 mensurae
435 1911 588 1990 ass'umtne
601 1917 812 2014 experientiae
827 1916 1020 2000 innitantnr3
1045 1916 1120 1986 hinc
1135 1935 1212 1983 vero
1232 1909 1398 1998 discimus,

49 2011 167 2122 spirante
189 2017 226 2092 sit
246 2017 401 2102 altitudo,
425 2042 598 2118 perquam
619 2039 737 2112 corpus
755 2037 852 2112 grave
865 2011 939 2082 dato
954 2033 1100 2110 tempore
1115 2009 1286 2092 delabitur,
1310 2013 1397 2088 urrde
1499 2067 1502 2082 .

48 2120 168 2196 litterae
181 2139 207 2200 λ
220 2119 289 2197 niis
305 2117 395 2193 valor
406 2120 498 2190 tribui
513 2113 654 2202 debebit,
681 2133 715 2186 nt
728 2109 869 2184 sortnula
884 2109 989 2184 nollra
1004 2137 1063 2212 pro
1083 2109 1246 2203 altitudine
1266 2117 1402 2222 inventa
1528 2127 1532 2134 '

162 2233 243 2316 apa

45 2313 112 2359 s:
136 2327 280 2375 -—-,
309 2280 335 2358 sa
354 2280 393 2358 ad
412 2286 506 2358 isium
527 2277 634 2356 casnm
654 2272 938 2390 accommodetur,
968 2279 1053 2354 hanc
1066 2273 1164 2380 ipsam
1178 2275 1401 2376 altitudinem

43 2483 147 2560 quant
160 2382 352 2560 aspicientia
364 2453 519 2546 declarat,
542 2455 698 2536 exhibeat.
778 2498 782 2505 ’

361 2674 404 2734 ·,
497 2653 942 2739 SCHOLION.
1029 2593 1038 2603 ⁸

155 2753 239 2844 roo.
269 2750 495 2854 Dtrrnia'ergo
520 2759 584 2828 lanc
609 2753 760 2840 redeunt,
779 2777 828 2830 nr
849 2784 910 2857 pro
932 2761 1087 2836 omnibus
1112 2763 1338 2863 quantitatibus
1356 2769 1395 2842 in

44 2855 171 2936 nollras
196 2851 353 2930 sortnnlaa
380 2853 630 2954 ingredientibus
658 2853 821 2930 ntensnras
843 2867 945 2932 'certas
971 2859 1182 2951 slabiliamus,
1221 2865 1337 2961 quibus
1355 2870 1419 2946 ln,

44 2959 210 3064 posterum
230 2956 412 3029 conllanter
429 2975 576 3043 utamur,
609 2957 798 3058 siquidem,
811 2967 964 3032 omnium
986 2981 1139 3035 motuum
1162 2964 1392 3062 phaenomena
1433 2991 1437 2998 ·

13 3095 14 3102 ¹
44 3085 102 3162 per
121 3053 285 3131 mensuras
300 3063 445 3158 cognitas
463 3063 642 3158 exprimere
664 3058 810 3134 relinms.
874 3063 956 3134 Sunt
980 3083 1089 3135 antem
1111 3068 1253 3164 quinque
1271 3085 1394 3162 genera

44 3167 277 3262 quantitatum,
310 3160 427 3259 quibus
445 3166 552 3232 oannis
573 3179 682 3231 motus
703 3158 932 3234 determinatio
948 3170 1130 3237 continetur

148 3268 208 3339 1⁰.
234 3259 381 3362 Spatium
403 3257 604 3358 percursum,
628 3258 716 3360 qnod
737 3287 814 3332 cnm
835 3257 872 3332 fit
888 3259 971 3336 linea
988 3261 1127 3365 ideoque
1140 3269 1390 3366 quantitaslgeo·
1517 3313 1523 3324 ·

31 3369 193 3449 ,mettim
217 3365 283 3454 eius
300 3357 447 3436 mensura
456 3349 546 3434 ‘nulli
558 3359 658 3434 dublo
671 3357 715 3432 ell
729 3357 875 3452 snbjedla,
953 3361 957 3368 ¹
1475 3367 1483 3386 “

100 3487 103 3495 ·
144 3468 205 3540 2⁰.
235 3462 407 3563 Tempus,
431 3466 520 3552 cujus
539 3457 685 3536 mensura
703 3489 778 3534 cnm
808 3460 844 3533 fit
872 3459 1052 3550 notiffima,
1088 3462 1185 3539 cerdo
1204 3471 1251 3541 rei
1270 3471 1305 3539 ln
1325 3469 1393 3543 lton

44 3561 193 3654 versatur,
219 3586 375 3664 quantum
396 3584 525 3662 ternpus
539 3587 599 3663 pro
618 3570 739 3637 trinitate
757 3557 913 3636 assumere
929 3561 1076 3638 velimus.
1231 3573 1236 3588 '

142 3671 204 3764 3⁰.
229 3665 403 3747 Celeriter,
427 3667 517 3756 cujus
533 3669 679 3766 cognitio
702 3663 828 3760 planior
846 3657 908 3736 else
929 3671 1057 3763 nequit,
1088 3689 1187 3766 qaum
1210 3663 1392 3768 fispatlnm

42 3765 199 3867 assignare
223 3766 412 3850 valeamus,
456 3763 546 3867 quod
572 3791 608 3838 ea
634 3762 774 3838 celeritas
798 3763 874 3838 dato
903 3783 1051 3866 tempore
1077 3763 1286 3844 unisormlter
1301 3765 1391 3846 “esset
1460 3783 1463 3793 “

42 3861 237 3969 percursura,
939 3871 945 3880 “
1300 3881 1303 3888 ⁴
1382 3891 1387 3908 ·

142 3973 205 4059 4⁰.
234 3970 289 4040 Via
303 3965 472 4048 sollicitans
486 3966 526 4042 ad
540 3962 703 4042 mensuras
719 3974 864 4070 cognitas
880 3973 940 4042 erit
952 3967 1142 4058 enneade.

143 4073 203 4168 ς’.
224 4065 331 4143 Malla
345 4095 522 4170 corporum
539 4088 709 4144 motorum
723 4077 758 4142 in
776 4068 935 4142 calculum
956 4071 1151 4172 ingreditur,
1177 4077 1265 4172 enirn
1284 4099 1389 4180 prra-

44 4175 126 4260 tna,
149 4167 637 4274 quomodorellimarirlebenr,
660 4175 866 4271 qnoquecrit
883 4169 1098 4249 slatnendnm.

138 4277 294 4366 Quorum
318 4277 462 4376 quinque
509 4281 697 4348 rtarnitatum
725 4297 883 4373 generum
909 4297 985 4345 cnm
1010 4279 1154 4374 primum
1180 4273 1269 4352 nulla
1298 4274 1387 4354 staffi-

45 4373 154 4454 ruane
174 4375 322 4478 laborer,
359 4401 464 4480 quom
508 4403 533 4481 o
556 4395 700 4480 quatuor
720 4373 842 4477 reliqna
863 4371 1100 4481 permensum
1121 4383 1266 4484 cognitas
1293 4405 1312 4452 a
1349 4371 1389 4452 tt:

518 4497 527 4509 ⁴
1363 4501 1384 4558 ⁸
