3830 5016
403 477 405 481 ,
462 325 560 494 ss,
589 344 788 443 caput
819 333 889 464 ut.
918 333 1008 432 ‘nu
1032 337 1240 436 nouus
1266 328 1602 442 amnionis
1631 337 1714 440 aa
1896 267 1897 350 l

944 542 974 617 S
996 539 1031 618 Ο
1055 542 1089 615 L
1118 543 1160 619 U
1183 537 1220 616 T
1241 546 1268 616 s
1289 542 1334 621 0.
1354 541 1380 558 “’
1592 601 1596 612 .

428 727 431 732 .
566 647 908 744 Ηὶο”οξυςιηοᾶὶ,νίκε
924 652 1219 747 invenirinpones,
1237 635 1240 642 ¹
1255 672 1337 747 quae
1354 651 1486 744 corpori
1506 643 1679 746 applicatae
1698 639 1730 715 id
1746 646 1822 744 qni·
1896 705 1897 708 ,

465 751 543 834 deta
557 759 590 828 in
603 753 794 854 aequilibrio
808 769 953 832 teneant,
979 747 1072 834 firrtul
1088 773 1164 822 vero
1178 773 1375 847 compagem
1394 751 1462 837 ejus
1474 743 1746 848 aeqneafficiant,
1772 765 1822 818 at·

466 886 532 961 qne
546 855 582 932 ss
604 861 642 928 in·
658 853 872 955 produdlione
893 871 1002 924 motus
1023 847 1168 922 afficitur.
1218 852 1328 922 Primo
1346 871 1425 949 ergo
1444 873 1561 950 corpus
1582 845 1711 920 suilinet
1729 853 1823 931 vires,

469 961 586 1061 qaibns
607 951 680 1030 'adn
699 950 898 1041 sollicitatur,
929 947 984 1026 u'bt
1004 977 1061 1026 eae
1081 971 1203 1050 partes,
1228 953 1359 1052 qulbus
1382 949 1522 1051 lingulae
1542 947 1731 1022 immediate
1751 935 1824 1020 snm

420 1124 426 1130 ,
467 1061 644 1162 applicatae
663 1059 765 1157 probe
784 1075 962 1133 notenture
999 1052 1262 1153 qnandoquidem
1283 1052 1442 1152 quaelibet
1467 1059 1520 1124 sis
1547 1057 1675 1123 unicam
1696 1071 1824 1122 tantum

468 1166 616 1260 eorporis
630 1157 815 1260 particulam
830 1175 934 1256 urget.
983 1153 1111 1228 Deinde
1123 1181 1162 1226 ex
1182 1171 1357 1227 momento
1377 1159 1531 1236 omnium
1551 1151 1682 1225 illarum
1704 1157 1822 1223 sirium

470 1259 665 1362 colligantur
681 1265 764 1333 vires
782 1257 1014 1344 elementares,
1049 1262 1186 1356 quaein
1212 1253 1344 1356 lingulis
1365 1254 1532 1332 elementis
1553 1279 1664 1352 parem
1691 1271 1824 1324 ntorum

471 1369 640 1466 gignerent
653 1391 665 1452 ς
687 1356 746 1434 xae
779 1358 913 1459 lingulis
942 1349 1109 1458 eletlretttis
1144 1361 1193 1428 his
1220 1356 1367 1456 aequales
1388 1377 1420 1430 et
1441 1363 1620 1450 contrariae
1648 1353 1824 1454 applicatae

472 1469 712 1565 concipiantur,
762 1485 899 1562 quatum
930 1456 1007 1532 loco
1027 1463 1080 1532 hie
1109 1456 1185 1539 alias
1217 1457 1291 1558 ipsas
1312 1458 1545 1556 aequivalenter
1576 1469 1613 1529 nt
1637 1451 1729 1556 supra
1751 1452 1825 1528 sub·

474 1564 603 1641 ilituere
626 1587 699 1638 non
724 1563 819 1646 lieet,
855 1563 1012 1662 quoniam
1036 1563 1123 1634 hunc
1140 1554 1204 1660 ipsa
1224 1559 1386 1657 rigiditatis
1405 1564 1486 1632 ratio
1504 1563 1688 1658 exquiritur,
1737 1560 1827 1632 Ter·

476 1671 526 1742 tio
537 1663 722 1758 adjiciantur
732 1672 835 1749 vires,
857 1663 973 1765 quibus
986 1667 1050 1733 axis
1065 1662 1139 1732 actu
1160 1665 1317 1760 inquiete
1338 1655 1491 1752 l'ervatur3
1517 1681 1610 1756 atque
1630 1663 1665 1732 hi
1680 1679 1741 1734 tres
1756 1665 1828 1730 viri·

451 1761 456 1768 ’
476 1795 537 1842 usn
551 1765 681 1840 ordines
694 1792 812 1865 corpus
824 1771 858 1837 in
871 1759 1015 1862 persedio
1028 1761 1215 1863 aequilibrio
1226 1749 1454 1834 continebunt:
1473 1759 1631 1858 fin‘mlqne
1644 1767 1678 1832 in
1690 1787 1829 1858 compa·

475 1891 519 1972 ge
533 1876 669 1970 partium
684 1866 770 1942 idem
785 1865 879 1968 plane
892 1863 1053 1950 efficiunt,
1076 1861 1165 1963 quod
1179 1889 1297 1962 eorpus
1311 1867 1343 1934 in
1358 1885 1468 1936 morus
1481 1868 1688 1964 generatione
1701 1869 1827 1964 patinrr.

476 1975 632 2072 Hiucqne
652 1968 855 2070 intelligitur,
889 1993 988 2068 qnam
1010 1963 1110 2069 ficano
1130 1991 1215 2040 nexu
1234 1963 1375 2064 lingulae
1390 1971 1536 2066 corporis
1555 1963 1725 2064 paniettlae
1747 1971 1827 2038 inter

474 2068 508 2146 se
521 2071 688 2172 colligatae
702 2067 764 2144 else
776 2067 922 2152 debeant,
934 2066 1066 2154 utnulla
1080 2091 1191 2140 eanrrn
1204 2065 1340 2139 divulsio
1355 2065 1392 2138 stt
1411 2063 1600 2142 metuenda!
1621 2085 1652 2139 et
1666 2065 1726 2138 nist
1737 2091 1826 2140 eorn-

477 2200 576 2277 pages
589 2178 638 2246 iris
650 2173 766 2248 viribus
780 2169 849 2246 satis
861 2167 1001 2246 resistere
1012 2169 1125 2255 valcat,
1139 2190 1256 2272 corpus
1268 2193 1336 2240 non
1349 2193 1410 2272 pro
1423 2163 1618 2270 rigidoeffet
1632 2165 1829 2248 babendum.

963 2314 1352 2420 scansion

419 2537 421 2544 χ
508 2477 510 2484 ’
581 2483 668 2560 397.
693 2463 760 2556 Hic
780 2459 850 2559 plns
871 2455 1096 2532 definire-non
1114 2449 1324 2552 suscipimus,
1364 2483 1463 2560 quarn
1484 2463 1607 2560 quantis
1625 2457 1830 2532 uiribus-lin·

382 2617 386 2626 -
504 2561 575 2639 nlae
587 2570 730 2664 eorporis
745 2561 915 2664 particulae
929 2557 1152 2662 sollicitentur,
1181 2585 1264 2662 qnae
1282 2585 1336 2632 eas
1355 2587 1373 2630 a
1392 2585 1476 2633 nexu
1500 2589 1577 2634 cum
1591 2559 1829 2660 'reliquisanel-

378 2671 382 2679 '
480 2589 548 2742 sere
560 2661 734 2758 co‘nemnr3
761 2662 935 2766 quomodo
948 2667 1036 2737 enirn
1050 2659 1203 2734 sirnclura
1217 2663 1363 2760 cbrporis
1381 2661 1597 2751 huicesletlni
1612 2661 1745 2756 resiliat,
1770 2665 1826 2735 hu·

479 2772 528 2866 ins
541 2767 606 2842 loci
619 2793 687 2840 non
701 2763 746 2840 eil
760 2772 935 2865 inquirere,
959 2785 1125 2864 propterea
1143 2755 1231 2861 qnod
1251 2767 1328 2836 haec
1343 2769 1423 2836 ratio
1440 2763 1602 2863 rigiditatis
1621 2770 1740 2864 cniqne
1760 2787 1827 2838 cor·

357 2872 361 2886 '
400 2946 404 2951 ,
477 2895 601 2976 portam
615 2867 974 2970 generiell'peculiaris.
1020 2869 1174 2962 Ceterum
1189 2868 1299 2954 innoc
1313 2871 1415 2964 capite
1429 2887 1553 2959 tantum
1568 2871 1677 2938 nsotni
1691 2872 1826 2946 initium,

481 2979 537 3076 qni
550 2977 680 3070 corpori
693 2968 796 3068 rigido
809 2977 887 3042 circa
907 2993 1001 3040 axem
1022 2965 1126 3038 fixum
1149 2965 1262 3038 mobili
1283 2993 1301 3038 a
1320 2966 1438 3040 viribus
1453 2970 1701 3067 qsssbnscnnque
1720 2969 1827 3065 impri·

479 3079 600 3156 mitur,
623 3069 734 3145 stttnns
752 3069 980 3170 contemplati,
1005 3095 1074 3170 qno
1086 3063 1208 3140 facilius
1224 3062 1309 3140 solus
1326 3073 1440 3140 virium
1465 3061 1597 3142 effedlns
1615 3093 1634 3138 a
1654 3091 1748 3141 rnatu
1766 3091 1825 3158 tata

353 3209 357 3228 ·
388 3259 395 3268 .
451 3201 456 3205 ·
480 3165 748 3270 inlitoscparatns
768 3169 1005 3271 perspiceretur.
1058 3169 1219 3270 imprimis
1239 3194 1346 3242 aurem
1366 3173 1441 3244 binc
1464 3171 1503 3243 ad
1521 3167 1687 3282 squlentes
1707 3167 1827 3242 invelli-

482 3281 630 3376 gationes
644 3267 776 3345 subsidia
839 3292 962 3358 rentur,
996 3271 1147 3372 quaudo,
1185 3271 1266 3342 dum
1288 3296 1404 3370 corpus
1425 3279 1505 3345 circa
1525 3277 1714 3373 quempiam
1733 3293 1824 3343 axem

480 3398 626 3480 gyratur,
649 3377 732 3448 vites
744 3300 855 3448 addila
870 3373 901 3446 id
914 3372 1116 3446 circaalinm
1136 3367 1431 3446 axem'conaertere
1451 3371 1825 3476 conantes3‚,tuns,enlm

381 3471 387 3492 ‘
480 3505 520 3552 ex
533 3473 650 3571 effedlu
664 3479 899 3562 monsentaaeo
912 3481 992 3547 circa
1006 3477 1093 3546 hune
1106 3499 1199 3547 axem
1218 3473 1376 3574 prodnslo
1391 3475 1524 3564 judicare
1540 3476 1662 3561 licebit,
1685 3499 1826 3574 quomo·

198 3577 203 3592 '
318 3667 321 3674 Δ
390 3577 398 3588 ’
479 3581 526 3654 do
540 3603 650 3652 assetus
662 3576 852 3678 praecedens
865 3578 1020 3651 turbetur.
1067 3577 1445 3677 Nnncigitureorpnsri
1473 3567 1616 3652 idnmin
1636 3569 1730 3648 mota
1752 3583 1825 3650 circs

479 3709 575 3755 axem
591 3679 694 3753 fixum
710 3671 992 3765 considerabimus,
1016 3698 1048 3750 et
1063 3673 1290 3761 scrutabimur,
1315 3603 1488 3781 quomodo
1501 3685 1524 3752 is
1537 3707 1553 3752 a
1566 3680 1684 3750 viribus
1699 3682 1824 3777 quibus·
1868 3764 1870 3772 q

479 3787 610 3883 cranne‘
631 3781 794 3855 immutari
815 3781 943 3876 debeat,
980 3776 1150 3880 puslqnarn
1170 3781 1235 3871 jam
1254 3778 1562 3869 demonilrarimns,
1600 3784 1824 3874 ejusmomn,

371 3937 376 3946 ,
434 3913 439 3922 “
484 3883 630 3959 finsrllae
643 3877 782 3958 adessent
802 3877 1122 3965 viressollicitantes,
1159 3875 1359 3970 nnisormetn
1379 3876 1442 3953 esse
1461 3877 1618 3958 futurum.
1669 3885 1824 3968 Praeterea

362 3989 367 3998 '
471 4001 563 4061 ¹nero
575 3991 671 4075 vires,
683 4007 761 4086 quas
773 3989 838 4058 axis
849 3987 1028 4086 gyrationis
1039 3987 1158 4056 interea
1172 3975 1313 4070 sullinet,
1327 3975 1458 4057 sollicite
1469 3981 1564 4058 erunt
1575 3981 1827 4086 perpendendae.

1327 4172 1332 4186 1

773 4213 776 4220 a
996 4207 999 4214 ¹
1288 4212 1291 4222 g
1713 4214 1724 4224 ,

899 4223 1412 4324 πψ-τ-ὶ
1551 4265 1562 4282 1
1705 4249 1708 4254 ’

812 4302 815 4310 Ι
832 4335 836 4341 Ι
1044 4319 1048 4327 Ι
1289 4323 1291 4328 Ι
1462 4313 1465 4324 y
1618 4295 1621 4298 .

1364 4457 1369 4466 .

1672 4513 1824 4662 catut
