3830 5016
302 289 355 388 ,·
461 313 518 434 ,a
557 295 844 400 canorus
871 267 1272 396 senercunis
1287 227 1731 396 ausorurrsau
1775 299 1781 306 ·

279 584 282 592 ,
462 497 673 581 commodior
691 496 840 583 videtur,
861 517 959 595 quam
979 489 1053 575 illa,
1077 515 1141 589 qua
1162 491 1296 570 antehae
1312 483 1440 572 sueram
1453 482 1543 575 ustis,
1563 489 1623 563 ubi
1637 485 1808 562 celarium

340 637 346 650 ·
418 660 420 666 .
462 629 522 704 per
543 603 680 676 radicem
701 597 884 700 quadratam
907 617 947 667 ex
965 589 1199 672 altitudinibus,
1232 614 1289 690 per
1302 615 1379 690 quas
1392 615 1488 690 grase
1503 589 1642 676 labendo
1654 611 1744 688 pares
1757 613 1808 660 ae-

359 753 365 763 ,
463 710 604 804 quireret
625 701 817 779 celeritates,
849 690 1081 795 expresseram}
1107 717 1205 793 quem
1224 696 1257 763 in
1279 689 1378 765 smem
1399 691 1689 781 loco'celeritaturtt
1706 687 1807 761 altitu·

395 796 398 804 ’
465 805 556 882 dines
580 800 653 898 ipsas
673 799 793 874 debitas
814 805 847 873 in
865 795 1023 870 caleulum
1045 793 1295 878 introduxeram.
1354 794 1480 866 Verum
1495 790 1710 868 excelsitudine
1726 787 1810 876 celeq

465 909 548 980 citati
569 899 671 974 debita
692 895 754 998 ipsa
775 898 915 971 celeritas
933 923 1006 984 ¹nrm
1023 915 1088 966 tarra
1104 889 1265 994 perspicue
1282 890 1502 994 cognoscitur,
1528 887 1580 966 sed
1592 889 1714 966 calculo
1726 916 1808 990 quo·

465 1004 543 1077 dam
564 1029 644 1100 opus
666 1000 729 1085 ell,
760 1019 795 1071 ut
811 997 850 1071 ad
872 982 1356 1093 mensuras'solitasreducarur.
1406 994 1533 1067 Deinde
1547 999 1642 1066 etiam
1656 997 1812 1089 tettrporis

317 1135 319 1138 ·
380 1105 382 1117 '
467 1109 548 1176 ratio
568 1100 718 1202 peculiari
738 1094 860 1174 calculo
880 1117 973 1198 eget,
1008 1122 1075 1196 quo
1090 1121 1173 1172 nova
1220 1095 1353 1184 uaedam
1369 1100 1472 1169 unitas
1485 1101 1518 1167 in
1532 1093 1690 1168 calculum
1706 1091 1811 1184 induci

389 1257 393 1270 .
466 1194 581 1289 debet,
612 1224 646 1274 ut
666 1224 794 1301 tempus
815 1205 846 1271 in
871 1204 1004 1271 minutis
1029 1191 1170 1268 secundis
1189 1121 1341 1271 eliciatur.
1398 1199 1469 1268 Has
1489 1221 1569 1298 ergo
1580 1196 1731 1294 arribages
1745 1213 1812 1266 ram

467 1311 592 1377 ratione
617 1302 811 1376 celeritatum
840 1325 939 1400 quant
964 1321 1152 1396 temporum
1180 1302 1305 1395 penitus
1323 1297 1532 1383 evitabimus,-
1575 1293 1598 1368 st
1619 1289 1815 1396 praescriptis

470 1401 628 1478 mensuris
643 1423 788 1475 utamur:
812 1419 1040 1474 totumautern
1055 1393 1224 1471 discrimen
1238 1403 1271 1468 in
1291 1401 1354 1470 hoc
1367 1395 1417 1471 ,ell
1438 1397 1600 1496 positum,
1629 1394 1720 1498 quod
1739 1415 1812 1468 ante

469 1509 503 1578 in
516 1501 665 1577 formulis
683 1501 881 1605 generalibus
901 1500 1001 1573 littera
1015 1517 1040 1579 λ
1054 1493 1246 1570 fractionem
1260 1495 1436 1571 absolutam
1450 1511 1474 1585 ἦ
1490 1496 1735 1598 significaverat,
1762 1499 1813 1568 hic

379 1616 382 1624 '
450 1626 577 1694 ¹autern
597 1631 657 1702 pro
677 1601 714 1679 ea
735 1605 816 1676 linea
836 1635 873 1672 =
896 1627 942 1700 ag
960 1596 1120 1682 scribatur.
1155 1597 1273 1686 ,stude
1294 1597 1401 1699 siquis
1416 1607 1556 1700 priorem
1571 1597 1709 1672 modum
1724 1592 1813 1670 secu·

367 1725 370 1730 “
468 1725 522 1780 tus
541 1704 700 1780 calculum
723 1729 781 1804 pto
801 1709 956 1802 quopiam
969 1701 1069 1772 'uiotn
1087 1693 1469 1787 definiendorsssrtuuit,
1486 1697 1557 1792 ejus
1569 1699 1708 1772 calculus
1721 1693 1815 1772 facilc

469 1805 511 1880 ad
531 1810 618 1898 hunc
639 1803 775 1877 modum
796 1802 981 1895 reducetur,
1011 1799 1150 1900 indeque
1173 1798 1386 1898 promtissime
1404 1827 1522 1896 omnes
1544 1793 1814 1875 menstlraeabso.

452 1905 555 1980 lutae
580 1902 788 1979 innotescent.
857 1905 946 1976 Hinc
970 1905 1064 1992 etiarn
1091 1899 1338 1998 homogeneitas
1364 1929 1397 1976 m
1416 1904 1657 2003 aequationibns
1680 1921 1813 1972 scrotum

468 2007 765 2106 morpleslentibns·
778 2001 899 2077 saciliua
917 1999 1119 2102 perspicitur,
1150 2027 1227 2094 urin
1244 2021 1369 2075 wtrintum
1390 2001 1485 2103 spatia
1504 1999 1646 2102 percursa
1667 2023 1698 2074 et
1710 1999 1813 2074 littera

466 2131 495 2210 g
514 2104 574 2178 lint
591 2110 780 2204 quantitates
799 2103 932 2176 lineares
951 2123 983 2175 et
1000 2101 1086 2204 quasi
1111 2107 1205 2174 ouius
1224 2093 1451 2190 dimensionis,
1482 2109 1571 2194 cujus
1591 2109 1715 2203 generis
1730 2127 1814 2200 quo·

469 2233 533 2310 que
552 2201 624 2280 sunt
641 2204 831 2289 celeritates,
864 2199 888 2274 li
907 2199 991 2276 forte
1010 2211 1043 2275 in
1058 2202 1217 2275 calculum
1234 2203 1488 2281 introducantur:
1503 2207 1660 2308 ‘tempora
1674 2213 1816 2289 atttetnt

822 2329 851 2402 Ρ

468 2395 545 2445 urm
563 2365 773 2444 fraslionibus
800 2413 881 2516 -X-
907 2374 982 2446 huic
998 2365 1158 2441 librilibus
1175 2373 1317 2442 numeris
1330 2362 1479 2440 absolutis
1493 2376 1736 2470 exprimantur,
1756 2369 1815 2464 qui

329 2563 330 2570 ’
468 2541 594 2622 nullam
614 2541 852 2616 dimensionem
873 2539 1061 2616 constituere
1086 2534 1336 2622 suntcensendi.
1404 2515 1443 2613 ln
1466 2536 1590 2612 calculo
1607 2559 1735 2622 autem,
1771 2534 1814 2612 acl
1901 2503 1906 2594 l

467 2641 607 2718 modum
628 2663 701 2714 aute
721 2637 904 2742 usurpatum
924 2641 1085 2738 iuslituto,
1123 2662 1189 2715 tant
1210 2643 1382 2718 celeritates
1401 2667 1505 2742 qttamv
1521 2662 1667 2740 tempora
1688 2663 1744 2734 per
1764 2664 1814 2712 ra.

466 2741 553 2829 dices
571 2741 736 2844 quadratas
754 2769 792 2816 ex
813 2745 1037 2842 quantitatibus
1055 2741 1225 2816 linearibus
1244 2743 1521 2843 exprimebantur,
1556 2767 1638 2840 quae
1659 2737 1741 2814 atleo
1761 2740 1813 2814 di·

365 2862 368 2871 '
467 2843 604 2920 cnidiam
627 2865 750 2918 tantum
778 2840 1014 2918 dimensionem
1038 2840 1227 2916 conslitoere
1253 2840 1324 2916 sunt
1342 2839 1560 2914 existimanda.
1628 2839 1811 2939 Repudiato

468 2968 548 3047 crgo
561 2943 635 3019 illo
653 2939 808 3045 superiori
828 2941 933 3015 modo
951 2941 990 3014 ad
1011 2937 1172 3015 mensium
1190 2939 1346 3016 absolutas
1366 2941 1569 3038 perveniendi
1584 2941 1671 3014 bunc
1683 2965 1811 3014 nosram

370 3105 377 3119 ,
467 3047 606 3122 modum
628 3046 865 3144 utpore'mulro
886 3041 1066 3140 faciliorem
1085 3061 1116 3116 et
1132 3039 1363 3144 simpliciorem
1382 3042 1636 3144 ampleslamur,
1666 3062 1698 3118 et
1718 3036 1809 3120 inse-
1867 3043 1870 3048 ’

379 3207 381 3214 ,
466 3147 637 3246 quentibus
651 3146 831 3242 constanter
848 3149 1059 3224 retineamus
1158 3211 1163 3219 .

302 3387 307 3394 .
457 3328 1810 3423 -ae-—J-Qtoe——u—sa
1198 3389 1744 3414 ...Ἣ-...-

837 3953 1440 4022 &aueaeffl
1792 3969 1798 3988 ·

866 4080 1473 4177 PROBLEMAm„
1555 4110 1558 4115 ⁴

469 4189 480 4226 a
566 4263 649 4338 205.
675 4179 726 4326 Si
743 4240 967 4347 corpusculum
987 4277 1005 4321 a
1024 4252 1142 4324 viribus
1161 4257 1201 4324 ita
1221 4231 1422 4334 sollicitetur,
1455 4253 1641 4328 utmorem
1661 4251 1804 4330 firtrmio

331 4417 333 4424 ,
463 4342 579 4420 eodem
599 4343 697 4444 plano
715 4348 875 4428 absolvat,
904 4347 1038 4424 delinire
1056 4371 1122 4426 tam
1143 4350 1276 4454 spatium
1295 4351 1501 4455 percussum,
1533 4355 1685 4458 qrurn'ad
1700 4353 1804 4456 quod·
1909 4377 1910 4456 ζ

459 4453 650 4556 diremptis
663 4450 861 4591 eiuslocum
875 4471 905 4527 et
920 4451 1121 4546 celeritatem,
1210 4508 1213 4518 η
1655 4476 1803 4584 som

1909 4619 1910 4668 t

1909 4695 1910 4758 l
