3872 5012
903 277 1042 376 PRA
1045 277 1137 374 ἘΓ
1138 275 1184 370 Α
1192 275 1265 370 TI
1269 274 1326 374 0ι
1661 395 1667 400 ,

236 481 263 560 .’
322 517 333 566 7
439 485 678 578 nemausum
692 481 912 574 celeritatis
922 479 1133 596 angularis
1147 484 1283 598 primu
1299 475 1650 578 definivit-motus
1668 507 1795 598 gyra·
1814 567 1816 580 ,

176 632 180 640 ’
440 631 708 723 toriianuli'm
723 614 881 722 uiribus
892 631 1046 720 turbati
1059 634 1428 738 coadunationem,
1439 629 1654 744 investigat
1670 636 1796 745 virm,
1849 692 1853 700 -

440 811 527 872 uon
541 801 703 868 tantum
718 807 825 896 quas
844 784 939 868 axis
953 775 1124 888 sustinet,
1148 776 1214 866 seu
1231 806 1339 896 quae
1354 777 1538 866 adhiberi
1561 780 1727 888 debent,
1749 803 1797 868 ut

442 929 682 1028 axisiufitu
701 925 771 1016 suo
787 924 1071 1037 conservetur,
1100 925 1168 1016 sed
1182 947 1224 1014 et
1238 954 1351 1043 quas.
1364 929 1550 1044 corporis
1572 955 1801 1044 compages

386 1114 390 1118 ·
442 1077 623 1187 sustinet,
667 1098 710 1164 et
723 1075 881 1210 ,quibus
899 1095 1074 1166 mutuus
1096 1077 1278 1192 partium
1299 1103 1437 1164 nexus
1456 1073 1637 1164 resistere
1665 1075 1809 1168 debet·

443 1225 645 1316 Posthaec
659 1221 808 1314 etan.
820 1223 1175 1362 Aupuoatrauiit
1191 1223 1245 1312 ad
1258 1219 1798 1342 effeetusviuumquarum-
1905 1247 1908 1338 ‘p

305 1465 309 1472 ,
446 1399 610 1491 cunque
625 1378 667 1460 in
682 1387 800 1462 motu
815 1375 925 1462 circa
941 1401 1070 1462 axem
1083 1371 1220 1462 fixum
1241 1370 1493 1487 generando.
1546 1371 1619 1498 Ac·
1629 1373 1801 1490 quidem
1907 1349 1908 1410 ⁷

319 1511 333 1526 ’
434 1527 582 1642 prium
596 1525 736 1612 motus
757 1529 920 1610 tantum
935 1524 1097 1638 initium
1112 1521 1437 1637 contemplatur,
1461 1497 1537 1638 qui
1557 1525 1720 1638 corpori
1743 1527 1800 1610 ri·

446 1671 545 1786 gido
560 1675 670 1760 circa
684 1699 814 1760 axem
833 1668 970 1782 fixum
991 1667 1134 1759 mobili
1159 1698 1184 1757 a
1207 1670 1367 1762 viribus
1387 1670 1701 1787 quibuscunque
1720 1672 1802 1761 im·

445 1821 657 1938 primitur,
686 1835 771 1936 quo
783 1817 943 1926 facilius
959 1815 1065 1908 solus
1078 1821 1232 1920 virium
1245 1817 1419 1942 effecius
1441 1838 1606 1908 amota
1626 1820 1714 1931 J'am
1732 1821 1800 1906 in·
1909 1775 1911 1916 Ι

446 1967 520 2058 fito
535 1967 742 2086 separatus
758 1963 1062 2098 perspiceretur,
1083 1965 1220 2086 adque
1235 1955 1331 2056 hinc
1344 1967 1396 2056 ad
1410 1966 1803 2102 sequentcsinuesti-

448 2119 639 2234 gationes
659 2113 830 2230 ¹subsrdia
849 2116 938 2232 peti
960 2136 1138 2232 queant,
1172 2114 1360 2235 quando,
1390 2115 1492 2206 dum
1512 2139 1667 2234 corpus
1690 2119 1803 2206 circa
1911 2125 1912 2132 ‘

450 2267 690 2382 quempiam
705 2285 833 2354 axem
847 2284 1030 2380 gyratur,
1047 2268 1158 2354 vires
1173 2263 1334 2375 adsunt,
1349 2264 1391 2354 id
1403 2261 1656 2390 circassalium
1672 2273 1803 2364 uitem

269 2401 271 2412 ’
350 2511 352 2519 ᾗ
452 2396 696 2512 convertere
710 2433 934 2502 conantes:
951 2433 1045 2500 tum
1059 2413 1171 2500 enim
1185 2439 1245 2502 ex
1258 2411 1407 2504 effectu
1421 2417 1804 2511 momentaneocir·

301 2629 304 2634 -
451 2562 618 2655 eabunc
629 2589 758 2654 axem
766 2559 969 2678 producto
982 2559 1168 2675 judicare
1182 2557 1292 2673 licet,
1300 2560 1515 2679 quomodo
1528 2539 1669 2652 motus
1683 2591 1802 2682 prce·

299 2727 316 2736 “
451 2708 605 2800 cedens
625 2710 827 2798 turbetur.
853 2743 856 2748 ·
888 2708 1038 2800 Postea
1059 2735 1228 2826 quoque
1248 2739 1400 2826 corpus
1419 2710 1598 2826 rigidum
1619 2715 1661 2800 in
1678 2730 1801 2800 'motu

305 2977 309 2984 ι
453 2861 565 2949 cirea
580 2885 710 2946 axem
724 2856 858 2946 hum
875 2837 1391 2968 confiderareticrutatur,
1419 2859 1800 2975 quomodoisaui-
1913 2857 1915 2916 ³

449 3008 566 3098 ribus
579 3007 897 3126 quibuscunque
910 3007 1122 3124 immutari
1137 3001 1299 3098 debeat
1336 3003 1531 3124 Utraque
1543 3007 1800 3124 investigatio

450 3152 569 3255 semul
587 3155 808 3268 conjuncta
826 3154 884 3242 est
904 3181 1003 3242 cum
1023 3152 1555 3266 determinationevirium,
1591 3185 1695 3273 quas
1715 3153 1800 3272 ipsa

452 3305 640 3420 corporis
660 3327 905 3420 compages,
956 3292 999 3388 et
1017 3321 1236 3418 praeterea·
1251 3332 1399 3394 earum
1418 3308 1657 3422 praecipue,
1693 3331 1799 3420 quas

451 3455 546 3542 axis
558 3449 739 3561 sustinet,
762 3451 914 3565 ¹quibus
936 3452 1075 3566 itaque
1095 3447 1299 3542 sustentari
1317 3452 1459 3563 debet,
1493 3481 1546 3539 ue
1566 3451 1617 3574 dc
1638 3453 1710 3542 fitu
1728 3451 1800 3541 suo

451 3599 704 3696 deturbetur.
759 3595 881 3688 Haec
895 3595 1042 3686 ultima
1054 3599 1236 3716 quaestio
1251 3599 1305 3688 de
1319 3603 1489 3710 viribus,
1510 3629 1615 3718 quas
1630 3603 1725 3698 axis
1740 3599 1802 3688 iu·

450 3747 590 3860 stinet,
625 3746 762 3837 adhuc
784 3749 921 3836 minus
943 3745 1114 3842 studiose
1137 3747 1195 3836 est
1216 3747 1402 3844 traiiata.
1454 3749 1607 3862 Quare
1626 3777 1725 3835 cum
1749 3779 1801 3836 ea

450 3897 629 3984 maximi
661 3895 709 3986 stt
730 3899 957 4005 momenti,
1001 3894 1163 4012 hocque
1184 3909 1269 3983 non
1297 3894 1427 3984 solum
1457 3919 1504 3984 ut
1538 3895 1802 4013 intelligatur,
1850 3877 1855 3882 ¹

451 4045 617 4160 quantis
636 4045 793 4133 viribus
810 4073 917 4162 opus
936 4043 1002 4153 iit,
1046 4043 1101 4132 ad
1115 4057 1260 4132 uxcm'
1273 4048 1317 4132 in
1337 4047 1414 4136 satu
1434 4043 1503 4133 suo
1524 4044 1800 4156 retinendum,

282 4221 291 4240 ·
449 4189 515 4285 fed
530 4189 763 4312 praesertim
782 4213 828 4286 ut
848 4197 892 4292 in
911 4213 1032 4285 motu
1053 4221 1277 4312 corporum
1298 4193 1528 4311 rigidorum
1547 4192 1676 4286 libero
1694 4193 1802 4308 diju-

801 4359 809 4378 '
1331 4367 1333 4370 ·
1616 4427 1621 4450 ,
1669 4340 1800 4430 dicari
