3872 5012
438 255 548 432 '24
1037 289 1453 460 napuras

492 583 598 659 solum
620 603 729 653 veram
744 571 941 650 celeritatem
967 509 1104 718 ἐξ,
1126 567 1294 664 sedetiam
1315 595 1423 648 seram
1438 590 1548 645 motus
1568 560 1782 646 dirediionem
1797 570 1848 640 in·

451 740 458 750 ’
492 759 632 855 dicabit3'
659 751 763 850 sicque
781 748 820 823 ad
840 755 1066 862 cognitionem
1087 749 1180 838 hujus
1201 767 1309 818 motus
1328 739 1480 826 sufficiet,
1514 747 1605 817 binas
1621 743 1688 817 illas
1704 741 1847 814 celerita-

494 881 541 932 tes
563 857 702 928 laterales
724 851 911 926 definivillc'.
962 849 1078 948 Neque
1097 875 1173 919 vero
1196 849 1381 938 hujusmodi
1398 843 1548 918 resolutio
1565 847 1757 918 mechanico
1767 840 1847 916 'fun-

431 979 434 988 '
493 959 649 1032 dumento
670 961 760 1026 inuiti
779 953 824 1026 cll
842 951 1064 1042 exiliirnanda3
1084 1009 1086 1014 .
1107 977 1181 1021 curn
1206 955 1311 1047 potius
1330 969 1453 1022 certum
1475 938 1545 1028 lits
1567 947 1637 1048 plus
1659 973 1727 1022 nno
1749 967 1848 1016 motat

229 1511 241 1518 -
276 1608 280 1617 «
336 1573 407 1680 ug.
432 1579 470 1662 6,

368 2158 378 2236 .'
495 2127 587 2230 cuius
604 2119 658 2192 SV
672 2111 718 2192 eli
730 2083 923 2225 diagonalis:
948 2092 1044 2216 atque
1057 2132 1167 2185 motus
1183 2138 1239 2213 per
1254 2116 1333 2231 SV-‚·
1353 2117 1440 2205 cnjus
1458 2103 1600 2208 celeritas
1618 2114 1716 2187 eil:
1744 2155 1847 2204 ··.····

485 2783 491 2804 '
538 2787 554 2846 t

494 1059 590 1134 sruml
615 1063 646 1128 in
669 1043 785 1128 eodenl
807 1055 928 1152 pnndlo
948 1041 1044 1124 inelle
1063 1079 1132 1146 non
1153 1047 1259 1152 polle³
1289 1045 1341 1139 led
1362 1079 1397 1123 ee
1418 1075 1564 1122 exurere
1582 1071 1741 1148 conceptu
1787 1075 1848 1120 eo·

494 1167 629 1234 metrico
650 1181 740 1240 nata,
770 1179 865 1254 atque
885 1183 901 1226 a
925 1177 1034 1226 natura
1057 1174 1166 1224 motus
1186 1153 1280 1252 plane
1294 1151 1414 1241 aliena,
1439 1151 1483 1225 cll
1495 1151 1737 1244 judicanda,.in
1749 1075 1849 1248 llrbst·

493 1263 586 1336 dium
600 1281 725 1346 tantum
739 1256 851 1332 calculi
865 1263 898 1328 in
914 1258 1142 1330 Mechanicam
1157 1253 1351 1327 introdudla.

774 1465 779 1474 ·
857 1437 1483 1519 EXPLJCATLQa
1552 1515 1556 1522 ,
1707 1521 1710 1536 Ι

595 1557 656 1640 64-⁰
683 1544 989 1621 Percurratmobile
1008 1555 1194 1642 temporeis?
1215 1563 1308 1614 motu
1331 1543 1487 1642 aequabili
1508 1541 1628 1614 redlam
1645 1545 1718 1638 SV,
1744 1569 1846 1643 quent

494 1670 626 1729 motum
653 1647 827 1722 secuudum
854 1667 959 1718 ternas
984 1644 1175 1721 dioeciioues
1199 1641 1321 1730 resolvi}
1339 1665 1495 1742 oporteat.
1570 1645 1633 1716 His
1653 1668 1787 1744 agantur
1808 1670 1848 1718 ex

495 1739 635 1854 utro'qne
662 1757 802 1828 termino
825 1751 846 1820 S
868 1769 899 1819 et
919 1748 1067 1819 vretue
1088 1741 1253 1844 parallelae
1267 1749 1339 1830 SA,
1367 1747 1433 1826 Sli,
1459 1747 1530 1839 SC,
1555 1769 1650 1845 atque
1666 1747 1745 1832 VP,
1772 1750 1846 1831 VQ,

496 1859 578 1948 VR,
609 1850 716 1955 quoad
732 1841 879 1951 quaeque
898 1847 996 1948 plano
1017 1849 1162 1918 binarum
1187 1843 1380 1944 reliquarum
1396 1845 1628 1926 diredlionurn,
1655 1848 1693 1920 ad
1706 1849 1844 1919 alterum

495 1963 673 2036 terminum
694 1947 1110 2036 coullitutarum'occtitrat
1170 1949 1248 2021 Hoc
1269 1941 1511 2020 modo'oridtur
1529 1947 1846 2050 parallelepipedum,

1249 2065 1251 2070 “
1767 2053 1821 2122 SV

495 2297 539 2368 ita
558 2309 667 2364 mente
686 2295 719 2362 in
740 2309 804 2362 tres
824 2309 934 2360 motus
953 2283 1128 2392 secundum
1148 2286 1220 2373 sn,
1236 2287 1318 2367 SB,
1344 2288 1416 2368 SC,
1440 2271 1553 2358 resolvi
1572 2285 1694 2386 potest,
1719 2307 1756 2362 ut
1769 2199 1844 2364 ntro·

496 2455 744 2558 misecundum.
763 2457 815 2528 SA
834 2423 976 2529 celerima
995 2450 1089 2528 s1t=
1114 2391 1229 2600 ἐς,
1261 2451 1371 2528 motus
1390 2449 1567 2530 secuudum
1582 2457 1629 2528 SB
1645 2454 1786 2530 celeritas
1805 2487 1851 2530 =

523 2635 574 2711 SB
818 2679 824 2692 ·
1049 2621 1062 2658 ’
1165 2697 1173 2714 ,
1325 2613 1386 2700 ὅθ’
1553 2699 1561 2716 ,
1622 2659 1630 2716 ·,
1699 2643 1703 2650 “
1788 2701 1797 2719 ,

496 2743 612 2784 ....-‚
636 2716 669 2772 et
688 2717 798 2812 motus
816 2691 991 2768 seeundum
1006 2696 1060 2768 SC
1080 2693 1221 2832 celeritas
1233 2725 1273 2765 =
1293 2737 1413 2837 Τ
1464 2695 1515 2766 Ex
1528 2697 1578 2767 lus
1594 2695 1850 2772 tnbnscelenta·

498 2875 583 2948 tibus
603 2895 672 2942 non
695 2863 801 2940 lolum
821 2891 892 2940 vera
917 2865 1060 2940 celeritas
1086 2891 1143 2966 pet
1167 2864 1374 2964 diagonalem
1399 2867 1454 2938 SV
1478 2865 1759 2948 detenninabitur,
1797 2867 1850 2947 sed

497 2983 595 3059 enam
611 2991 723 3043 rnotus
742 2968 892 3053 diredlio‚
919 2975 1042 3040 ratione
1057 2989 1220 3042 ternarum
1235 2967 1465 3050 directricium,
1489 2966 1667 3048 innotescit.
1720 2968 1851 3044 Eodem

499 3101 578 3148 vero
593 3071 715 3156 modo,
742 3069 766 3142 ii
782 3073 837 3146 SV
857 3068 893 3141 fit
905 3057 1106 3141 elementum
1121 3095 1234 3142 curvae
1248 3072 1484 3170 cujuscunque,
1506 3068 1713 3170 tesnpmculo
1728 3077 1767 3144 dt
1781 3098 1851 3170 per·

468 3267 473 3276 η
498 3171 646 3253 cutsruu,
680 3171 835 3243 relolurio'
852 3177 884 3240 in
907 3181 1009 3242 ternas
1029 3169 1202 3244 celeritates
1222 3166 1397 3246 secundum
1418 3193 1521 3260 ternas
1539 3197 1747 3278 quascunque
1768 3169 1850 3248 dire·

498 3281 622 3352 ctiones
639 3267 893 3372 iullitoipotellr
987 3299 990 3306 ’

911 3401 1424 3541 senecione

600 3567 662 3656 65.
690 3561 728 3632 ln
749 3563 798 3632 his
818 3579 930 3633 motus
951 3560 1268 3635 determinationibus
1286 3559 1409 3637 secutus
1434 3558 1504 3636 sum
1528 3558 1676 3636 ossuum
1699 3567 1734 3634 in
1759 3563 1853 3637 Geo-

412 3741 415 3750 ,
500 3671 614 3741 metria
637 3664 850 3756 methodum,
883 3682 1027 3742 naturam
1053 3659 1209 3734 linearum
1230 3691 1399 3739 curvarum
1422 3689 1478 3766 per
1496 3666 1586 3736 binas
1606 3665 1655 3736 vel
1672 3649 1776 3736 ternas
1791 3693 1853 3738 co·

502 3765 662 3840 ordinatas
682 3761 900 3862 exprimendi3
935 3761 1013 3834 illud
1033 3758 1166 3850 scilicet,
1205 3764 1335 3866 quaudo
1355 3791 1449 3839 curva
1469 3785 1534 3838 tota
1557 3772 1590 3838 in
1605 3757 1728 3838 ¹eodem
1752 3765 1853 3862 plano

502 3867 548 3944 cll
573 3865 645 3950 lira,
677 3869 742 3938 hoe
760 3890 857 3954 vero,
889 3864 945 3936 nbi
964 3863 1081 3938 eodem
1107 3864 1204 3963 plano
1225 3874 1381 3953 contineri
1396 3873 1517 3968 nequit.
1569 3869 1660 3962 Qrae
1675 3865 1854 3941 methodus

503 3977 550 4043 tui
572 3975 716 4066 primum
735 3962 766 4038 se
785 3966 921 4049 obtulit,
956 3973 997 4038 ita
1024 3991 1085 4038 nos
1106 3967 1296 4041 manuduxit
1318 3967 1357 4042 ad
1376 3968 1535 4066 iuliguem
1557 3967 1644 4038 illam
1668 3990 1776 4040 motos
1797 3993 1857 4040 re·

1928 3915 1931 4064 l

502 4065 717 4156 solutionem,
761 4063 939 4139 secundum
963 4065 1049 4140 datas
1067 4063 1127 4140 uel
1148 4067 1225 4142 diras
1248 4069 1300 4143 uel
1320 4091 1384 4143 tres
1404 4069 1593 4158 directiones
1611 4067 1858 4162 instituendam,
1930 4085 1931 4092 ’

502 4197 585 4270 quae
606 4196 663 4271 per
681 4165 858 4243 universam
880 4172 1105 4242 Mecha'nicaru
1121 4167 1314 4269 arnpliffuui
1334 4175 1391 4244 erit
1412 4166 1502 4249 ulus,
1534 4169 1613 4242 dum
1636 4175 1783 4269 cognitio
1798 4195 1859 4244 ce·

501 4272 661 4346 letitatnm
688 4269 865 4344 lateralium
898 4253 991 4342 limul
1027 4289 1136 4342 motus
1161 4269 1373 4344 directidnem
1398 4292 1493 4371 atque
1517 4269 1727 4345 inflexionem
1756 4277 1790 4344 in
1820 4269 1859 4348 se

501 4374 745 4477 complectitur,
781 4377 869 4468 cujus
888 4371 1100 4448 corsfideuno
1125 4372 1286 4448 calculum
1305 4373 1450 4476 alioquin
1466 4399 1537 4450 uon
1556 4373 1761 4449 mediocriter
1782 4400 1859 4474 per·

1555 4548 1557 4552 .
1673 4477 1677 4484 '
1740 4478 1857 4552 turba-
