3872 5012
942 261 1346 407 rrrarrrro

321 541 340 577 „
378 561 382 564 ,
476 462 681 590 duodecin
703 490 800 551 curn
815 481 953 554 motus
968 462 1088 549 lun‘ae
1099 459 1355 572 libraremus,
1382 461 1602 576 praecellro
1626 465 1824 580 nequino.
1934 429 1935 440 l

466 605 664 722 iliorum,
688 631 736 722 et
755 613 915 696 nutatio
927 591 1062 696 oxeos
1077 631 1212 702 terrae
1227 610 1463 726 principalia
1479 611 1552 697 fiut
1567 611 1686 724 liujus
1700 611 1828 735 Capi·

477 766 530 851 tis
552 759 724 872 objeilu·
794 755 967 872 Excipit
981 756 1101 852 hanc:
1112 757 1398 844 tractationem
1423 756 1582 872 plenior
1602 759 1827 873 explicatio

417 913 419 920 ⁴
477 927 617 996 motus
632 908 842 992 turbinum
856 904 972 1020 l'uper
988 901 1110 1019 plaub
1124 904 1541 1032 horizorrtali‚lemota
1556 905 1741 992 frislione
1771 905 1830 996 Et
1933 930 1934 961 ι

398 1157 405 1172 x
481 1085 577 1148 cum
592 1052 707 1169 ¹supra
723 1034 881 1140 tantum
898 1052 1106 1166 ejusmodi
1117 1053 1301 1148 turbines
1316 1053 1390 1138 srnt
1407 1053 1660 1160 confidereti,
1686 1053 1829 1168 inqui·

253 1231 256 1239 ’
350 1270 353 1279 .
482 1207 559 1296 bus
580 1205 721 1291 omnia
743 1221 955 1322 momenta
983 1203 1155 1298 inertiae
1175 1203 1282 1287 inter
1310 1199 1347 1285 se
1374 1197 1463 1322 lunt
1481 1199 1690 1316 aequalia,
1719 1225 1829 1315 quae

482 1349 662 1446 conditio
677 1353 848 1450 nimium
864 1370 953 1434 erut
968 1347 1160 1457 limitata,
1192 1377 1303 1445 nunc
1319 1369 1458 1434 motus
1481 1352 1689 1436 turbinum
1704 1353 1746 1436 in
1760 1375 1829 1462 ge-

481 1471 583 1584 nere
605 1497 869 1614 exploratur,
899 1497 1036 1612 positis
1051 1517 1214 1584 tantum
1230 1497 1393 1596 duobus
1417 1501 1640 1584 momentis
1656 1501 1826 1583 inertiae

483 1629 775 1763 principalibus
790 1649 896 1734 inter
911 1641 947 1732 le
961 1643 1218 1758 aequalibuS‚
1248 1673 1354 1764 quae
1369 1645 1551 1730 conditio
1574 1673 1668 1732 cum
1690 1642 1827 1732 indole

483 1797 695 1884 turbinum
709 1789 1161 1906 necessarioconjuuiia
1176 1791 1350 1880 videtur.
1399 1781 1650 1882 Cumturbo
1671 1793 1717 1880 fit
1738 1821 1828 1878 cor-

482 1971 561 2059 pus
575 1943 736 2058 cuspide
751 1941 866 2058 super
886 1940 1008 2056 plano
1029 1939 1273 2028 horizontali
1295 1942 1509 2050 incedenS‚
1554 1945 1678 2028 itaut
1700 1938 1828 2056 cuspis

402 2173 405 2180 .
485 2093 536 2180 srt.
547 2091 656 2206 quast
674 2091 775 2178 bafis
790 2090 911 2205 iplius
928 2085 1149 2194 censenda,
1172 2088 1265 2176 hinc
1278 2089 1329 2174 ad
1345 2087 1423 2176 alin
1439 2073 1663 2205 corporum
1677 2117 1829 2204 genera

485 2238 659 2330 ducitur
670 2268 774 2325 cut.
797 2263 1032 2344 noeroit,
1073 2263 1180 2350 quae
1202 2236 1282 2324 basr
1302 2235 1683 2354 quacunquesuper
1704 2236 1829 2353 plano
1871 2307 1873 2316 ,

379 2469 385 2479 .
485 2385 688 2478 incedant
747 2385 909 2474 Nomas
923 2403 1066 2472 autem
1079 2383 1289 2498 ambages,
1320 2389 1483 2498 quaein
1505 2384 1829 2534 calculosrpex-

409 2568 416 2577 ·
484 2522 692 2622 trrcabrles
706 2533 991 2648 perducerent,
1002 2553 1246 2638 evitaturum
1261 2531 1345 2620 duo
1359 2555 1518 2622 tantum
1529 2559 1830 2649 corporumge

486 2712 584 2770 nera
587 2681 836 2800 cylindrrca
849 2679 996 2782 lcrlrcet
1007 2709 1059 2766 ac
1072 2677 1274 2796 sphaerica
1287 2681 1536 2796 potillrmum
1550 2713 1594 2772 ei
1592 2679 1705 2768 olvit
1708 2707 1830 2793 ,-quo

378 2851 379 2859 ‘
486 2859 580 2918 rum
596 2834 789 2916 nimirum
804 2828 934 2944 figura
946 2851 1135 2936 externa,
1157 2856 1239 2942 qua
1255 2827 1377 2943 plano
1392 2829 1663 2942 applicantur,
1697 2827 1744 2914 fit
1761 2825 1830 2916 vel

255 2967 292 3088 Δ,
390 3049 392 3054 ,
488 2977 712 3094 cylindricn
726 2975 793 3066 vel
807 2976 1028 3092 sphaerica,
1058 2975 1435 3092 quomodocunque
1457 2981 1629 3065 materia
1648 2973 1831 3072 intrinse-

487 3155 562 3214 cus
576 3127 701 3226 fuerit
714 3111 931 3212 distributa.
978 3123 1047 3210 nd
1063 3149 1194 3237 genus
1206 3125 1633 3238 itaque-cylindricum
1647 3123 1830 3212 reserun-

486 3298 555 3360 tur
567 3303 615 3360 ea
631 3271 829 3389 pendula,
871 3299 979 3384 quae
994 3301 1077 3356 non
1093 3273 1144 3357 ab
1159 3300 1243 3356 axe
1259 3270 1400 3358 lineari
1417 3272 1503 3357 l'unt
1526 3271 1721 3388 lul'peusa,
1764 3271 1829 3357 led

343 3433 349 3442 “
488 3406 663 3508 alticulis
690 3418 922 3544 cylindrieis
954 3422 1145 3534 utrinque
1165 3417 1287 3532 plano
1310 3419 1553 3516 lrorizontali
1573 3421 1830 3514 incumbunt.

485 3569 585 3660 Huc
600 3597 766 3683 quoque
781 3567 969 3673 refertur,
998 3566 1157 3682 acideo
1173 3563 1288 3652 fitnul
1308 3568 1572 3683 investigatur
1589 3591 1735 3656 'motus
1756 3597 1831 3656 va-

486 3717 721 3823 oblatorius,
736 3718 865 3819 motui
879 3719 1080 3800 cunarum
1095 3715 1464 3828 reciprocolimilist
1493 3718 1830 3830 Ad'genusprne·

387 3955 391 3963 ,
487 3889 600 3952 terea
613 3863 862 3979 sphaericum
876 3863 1079 3976 pertinent
1093 3863 1288 3972 turbium,
1302 3890 1479 3976 quorum
1500 3893 1603 3950 axes
1617 3859 1723 3951 infra
1744 3894 1830 3950 non

485 4017 526 4100 in
543 4011 758 4128 cuspidem,
769 4008 832 4094 l'ed
847 4007 979 4124 quast
970 4038 1011 4094 ru
1027 4008 1385 4124 haemisphaerium
1402 4009 1595 4098 desinunt.
1613 4013 1682 4099 Ab
1697 4016 1833 4100 omni-

387 4147 390 4156 *
485 4163 563 4248 bus
578 4159 782 4274 ejusmodi
797 4160 991 4266 murmur,
1021 4158 1170 4272 quibus
1194 4185 1344 4273 corpus
1367 4161 1407 4244 in
1429 4157 1637 4275 superlicie
1659 4159 1846 4248 alterius·

1720 4313 1836 4395 llice-
