3872 5012
971 313 1386 408 tonsurato.
1652 431 1658 438 ‚

511 519 656 630 voluit,
667 521 726 606 ita
737 533 785 604 ut
798 511 1064 604 exhaslenus
1080 513 1213 601 allatis
1226 515 1324 602 nihil
1338 519 1379 602 in
1396 513 1611 604 subsidium
1624 525 1854 634 vocaverit,

507 665 674 754 sednon
687 667 758 754 nist
773 667 915 781 primis
931 663 1196 750 mechanicae
1208 668 1417 780 principiis
1429 687 1580 772 utatur,
1603 673 1690 779 qu'o
1704 667 1853 782 effecit,

475 807 481 812 ’
506 833 555 900 ut
573 816 715 901 omnia
732 813 799 899 hie
821 811 1001 909 evadant
1020 813 1208 897 maxime
1223 811 1442 930 perspicua
1511 813 1662 900 Statim
1684 817 1853 929 quidem

328 987 332 998 ·
371 1043 376 1050 ,
506 959 589 1046 hoo
601 959 774 1047 faciliori
789 959 918 1047 modo
938 964 999 1046 uti
1013 955 1200 1076 potitilset
1216 985 1364 1047 enan.
1382 986 1603 1068 auctos,
1620 961 1755 1076 sicque
1770 993 1856 1050 non

506 1105 623 1195 leves
637 1107 896 1196 difficultates
907 1103 1157 1222 insuperiori
1171 1105 1412 1193 tradiatione
1432 1095 1697 1196 occurrentes
1720 1116 1853 1198 evita-

505 1253 640 1344 vilset:
662 1285 810 1344 verum
825 1259 867 1340 in
882 1277 1127 1370 argumento
1141 1254 1277 1341 adhuc
1288 1279 1376 1340 tarn
1391 1283 1538 1370 porum
1554 1257 1728 1344 trastato
1743 1257 1854 1346 haud

506 1404 781 1516 incongruum
806 1424 914 1511 erat,
958 1401 1202 1488 methodum
1223 1403 1500 1517 operosiorem
1519 1425 1561 1508 et
1584 1403 1854 1519 prolixiorem

505 1553 789 1664 praemittere,
815 1578 900 1665 quo
917 1549 1096 1664 singulae
1115 1552 1306 1645 notiones
1328 1554 1368 1634 in
1390 1577 1436 1633 re
1455 1577 1561 1665 pene
1580 1581 1692 1638 nova
1712 1557 1852 1640 animo

503 1675 664 1782 sinnius
693 1701 998 1812 imprimantur,
1037 1695 1227 1814 ipsaeque
1249 1695 1525 1804 difficultates,
1571 1699 1721 1812 quibus
1749 1701 1854 1788 haec

503 1843 879 1956 parslllechanicae
892 1841 1105 1932 inovoluta
1119 1844 1349 1950 videbatur,
1363 1843 1852 1960 luculentiusperspieian-

443 2063 452 2076 .
503 2007 585 2083 tur.
640 1987 807 2107 Insuper
817 1989 926 2079 haud
941 2019 1090 2107 parum
1103 1987 1277 2096 interest,
1293 1988 1401 2076 nolle
1416 1994 1540 2096 viam,
1562 2019 1647 2106 qua
1659 1993 1852 2078 inceden-

504 2154 570 2224 tes
592 2137 797 2226 Audlores
827 2141 946 2226 novis
976 2138 1149 2224 Artibus
1178 2136 1404 2223 condendis
1427 2163 1498 2225 aut
1519 2138 1724 2251 insigniter
1751 2169 1850 2256 pro-

428 2382 430 2390 ,
505 2284 726 2375 movendis
763 2307 936 2398 operam
971 2305 1204 2393 navarunt,
1252 2283 1359 2369 licet
1373 2283 1509 2398 postea
1539 2285 1849 2400 praestantiores

502 2431 691 2518 methodi
704 2430 771 2520 vel
786 2433 840 2518 ab
855 2433 948 2547 iplis
962 2431 1030 2520 vel
1047 2431 1099 2517 ab
1113 2430 1200 2516 aliis
1216 2430 1468 2544 detegantur.
1527 2431 1635 2518 Mira
1654 2432 1852 2522 facilitate

480 2605 556 2698 ,ae
569 2579 777 2695 evidentia
790 2581 899 2666 hano
912 2607 1068 2667 novam
1089 2560 1328 2666 methodum
1344 2609 1401 2666 ex
1419 2581 1563 2688 primis
1582 2599 1624 2664 et
1644 2583 1696 2670 ab
1714 2575 1851 2670 omni·

502 2723 583 2812 bus
600 2725 945 2814 concelstsmotus
962 2729 1171 2843 principiis
1186 2726 1389 2816 derivavit
1406 2756 1511 2814 cut.
1526 2704 1754 2839 Auaron,
1782 2750 1847 2815 at·

501 2897 586 2986 que
606 2873 662 2960 ob
682 2872 883 2960 summam
905 2871 1112 2960 solutionis
1133 2873 1494 2982 universalitatem,
1529 2877 1568 2958 in
1591 2846 1737 2965 eadem
1758 2879 1848 2986 jam

502 3022 644 3108 omnia
658 3025 938 3127 eontinentur,
975 3013 1201 3136 quae'Cap.
1215 3019 1289 3108 lX·
1309 3045 1351 3106 et
1365 3021 1423 3112 ll.
1439 3047 1513 3134 per
1535 3021 1849 3138 multas-amba-

501 3191 576 3278 ges
591 3195 744 3281 magno
755 3168 897 3258 labore
911 3191 1028 3253 erant
1040 3168 1218 3258 evoluta.
1279 3165 1436 3282 Supra,
1468 3168 1569 3252 dum
1590 3175 1847 3285 corpuslqui-

394 3405 401 3416 ,
502 3309 616 3421 escit,
645 3318 757 3422 axis,
789 3319 897 3401 circa
919 3343 1045 3430 quem
1065 3317 1136 3430 ipsi
1159 3319 1269 3404 vires
1289 3319 1470 3426 primum
1493 3337 1653 3400 matum
1674 3340 1847 3430 gyrato-

498 3461 609 3544 rium
644 3465 906 3584 imprimunt,
964 3461 1232 3550 vehementer
1267 3459 1435 3574 operose
1472 3458 1850 3566 determinabatu13

498 3604 573 3694 ista
587 3635 688 3694 vero
702 3607 988 3696 determinatio
1002 3609 1125 3694 instar
1138 3604 1354 3694 Corollarii
1373 3635 1430 3692 ex
1451 3635 1562 3697 nova
1584 3609 1658 3696 hac
1678 3609 1847 3724 proble-

498 3756 622 3843 matis
643 3753 838 3847 solutione
858 3755 996 3872 sponte
1016 3753 1113 3843 fluit
1198 3745 1361 3840 Deinde
1379 3755 1505 3839 etiarn
1534 3755 1600 3842 hic
1619 3755 1847 3870 planissima

497 3899 621 4013 fiunt,
669 3893 776 4020 qua'e
807 3905 859 3990 de
889 3905 1117 3991 variatione
1147 3923 1441 3988 momentanea
1463 3923 1602 3990 motus
1631 3913 1848 4017 gyratorii,
1932 4003 1933 4028 ,

498 4048 598 4136 dum
613 4047 929 4166 corpusanullis
944 4051 1098 4138 viribus
1107 4045 1362 4134 sollicitatum
1377 4029 1717 4137 cireaaxenlnon
1731 4059 1848 4167 prin·
1932 4031 1933 4042 l

495 4197 670 4314 cipalem
691 4223 880 4315 gyratur,
907 4200 1123 4322 pernimis
1144 4199 1334 4286 intricata
1352 4198 1566 4284 ratiocinia
1585 4199 1757 4313 tandem
1775 4205 1845 4288 in·
1932 4285 1933 4322 ÷

1711 4371 1846 4440 Venta
1932 4389 1933 4442 i
