3872 5012
479 233 601 398 ⁵⁶³
990 261 1359 362 carunto·
1457 221 1477 282 ·’
1608 309 1612 318 ·
1732 309 1739 316 -

524 499 576 550 ere
588 473 827 570 concipiamus,
849 465 990 570 lingulae
1004 475 1037 541 in
1051 481 1093 542 eo
1105 463 1247 542 eundem
1268 460 1421 540 effectum
1440 461 1635 566 producent,
1660 491 1699 540 ac
1715 461 1741 538 fi
1757 467 1835 565 qui·

483 505 501 550 a

480 501 616 664 elgcerem
640 601 746 672 neque
760 593 868 670 motus
882 571 1009 644 infinite
1024 597 1138 672 parcos
1158 577 1191 642 in
1208 595 1321 644 earum
1345 569 1471 641 ailione
1490 577 1660 670 quicquam
1683 570 1836 642 mutabit.

435 668 439 688 ⁴
483 683 723 760 ,Verumtamen
734 679 930 746 hiueomuit
944 670 1114 758 saccellio,
1136 692 1359 773 quae-tautum
1374 693 1483 744 mente
1496 670 1541 744 est
1553 667 1702 752 suellis,
1727 695 1837 763 rem

485 785 550 855 veri
563 777 656 852 debet
662 764 681 866 ,⁴
698 796 733 852 ut
745 796 811 850 tota
832 781 879 852 vis
892 796 1016 852 tantum
1033 799 1089 877 per
1102 773 1343 878 tempusculum
1356 778 1393 846 dt
1406 798 1500 874 agere
1513 771 1551 848 srt
1563 769 1732 854 censenda.

788 951 1425 1091 '·scnocrous

591 1174 672 1249 150.
700 1153 733 1226 Si
747 1169 931 1251 quaeratur,
956 1175 1012 1226 cur
1026 1157 1072 1224 'vis
1085 1147 1292 1224 determinata
1305 1176 1329 1246 p
1342 1157 1375 1222 in
1389 1145 1581 1252 corpusculo
1601 1145 1678 1224 clato
1698 1175 1760 1252 per.
1777 1148 1835 1226 ‹er

484 1252 558 1332 'tum
575 1253 813 1356 terttpuseulum
828 1255 863 1326 dt
877 1250 1127 1328 determinatum
1140 1249 1293 1326 effeclutn
1307 1257 1356 1331 do
1371 1249 1542 1354 producat?
1562 1261 1656 1342 'ratio
1677 1260 1711 1326 in
1729 1281 1770 1326 eo
1789 1239 1834 1327 est

487 1356 606 1462 polita,
638 1353 727 1456 quod
746 1360 780 1426 in
800 1353 992 1453 corpusculo
1011 1377 1093 1428 certa
1112 1359 1269 1456 quaedam
1289 1351 1419 1428 facultas
1440 1359 1472 1426 in
1493 1361 1598 1456 quiete
1618 1353 1836 1456 perseverano’r

487 1461 578 1547 infit,
604 1483 685 1560 quae
701 1454 745 1528 cll
759 1451 822 1554 ipla
840 1461 903 1546 eius
917 1462 1039 1532 inertia.
1087 1455 1180 1532 Talis
1195 1478 1302 1529 auteur
1318 1452 1448 1530 facultas
1464 1462 1615 1556 inquiete
1636 1453 1836 1558 perseveram}

487 1137 508 1178 f.

378 1577 381 1584 '
487 1559 521 1636 di
540 1565 669 1660 concipi
690 1584 758 1630 uon
778 1557 897 1656 potell,
937 1557 1001 1630 stuc
1019 1557 1158 1660 quadam
1178 1559 1381 1642 reltrtllantia,
1413 1583 1476 1658 qua
1497 1575 1606 1631 motus
1629 1559 1837 1658 produdioni

377 1685 384 1696 ·
489 1657 684 1754 adversetur,
708 1685 789 1759 quae
807 1686 876 1760 quo
897 1655 991 1734 fuerit
1005 1664 1106 1752 urajot
1123 1687 1161 1734 ve
1182 1667 1307 1746 minor,
1333 1685 1374 1732 eo
1389 1659 1549 1733 difficilius
1564 1660 1613 1732 vel
1628 1657 1751 1734 facilius
1764 1664 1836 1735 aui·

476 1757 547 1838 ⁸oni
566 1769 610 1834 vis
624 1756 822 1862 obsequetur.
874 1765 980 1862 Qrate
1000 1788 1077 1834 curn
1100 1765 1178 1834 haec
1198 1759 1327 1836 lacultas
1346 1789 1421 1833 cum
1442 1768 1552 1836 inertia
1572 1770 1762 1846 conveniat,
1787 1772 1836 1834 in·

378 1875 386 1889 ”
473 1864 660 1964 ¹colligitur,
684 1867 843 1935 inertiam
867 1869 949 1936 inter
970 1859 1160 1963 quantitates
1172 1861 1241 1938 'elle
1265 1859 1484 1952 referendam,
1522 1871 1563 1936 ita
1584 1884 1619 1935 ut
1639 1863 1834 1938 diversorum

488 1963 754 2063 corpusculorum
777 1969 886 2037 inertia
900 1971 1022 2037 ratione
1041 1971 1221 2064 quantitatis
1235 1961 1351 2038 diuersa
1367 1961 1429 2038 elle
1442 1989 1547 2066 queat.
1584 1969 1694 2070 Qram
1709 1965 1837 2040 diversi·

489 2087 587 2142 tatem
604 2092 680 2138 cum
697 2065 848 2138 botlenus
862 2064 1011 2138 nondum
1029 2061 1290 2166 spellavcrimus.
1317 2061 1450 2140 effeclus
1471 2060 1587 2140 vitium
1608 2075 1640 2142 in
1652 2067 1773 2142 eodem
1786 2055 1835 2140 uel

490 2166 677 2266 aequalibus
691 2165 906 2263 corpusculis,
944 2194 1023 2267 quae
1042 2163 1157 2242 scilicet
1177 2167 1297 2266 aequali
1319 2168 1511 2258 inertiaglint
1533 2167 1691 2270 praedita,
1728 2166 1836 2244 strutus

489 2263 627 2346 scrutari.
679 2267 774 2339 Nunc
788 2273 883 2366 igitur
894 2267 933 2339 ad
946 2269 1134 2368 corpuscula
1153 2267 1276 2342 diverla
1297 2269 1505 2368 progrelluri.
1526 2271 1565 2344 ad
1588 2267 1770 2362 mensuram
1785 2278 1836 2344 in·

278 2441 279 2448 ,
393 2385 395 2390 ’
492 2377 590 2450 ettiae
611 2366 826 2449 deducentur,
861 2391 954 2468 arque
981 2369 1223 2472 intelligemus,'
1253 2373 1426 2472 quorr'rodo
1447 2378 1560 2450 inertia
1579 2379 1615 2451 in
1635 2371 1700 2448 aliis
1716 2375 1836 2484 ⁴tnajor,

277 3536 287 3551 ,
315 3449 396 3559 Ἐῐε·
425 3483 482 3552 14·

495 2472 862 2494 ιιιιι

492 2497 528 2548 tn
542 2471 610 2545 alits
634 2494 744 2576 mmor
761 2466 860 2546 melle
872 2467 979 2574 poffit.

796 2728 801 2735 ·
887 2703 1440 2806 ausonense

613 2870 695 2943 t5r.
721 2849 753 2920 Si
778 2847 925 2948 aequales
944 2855 1025 2922 vires
1044 2849 1233 2945 corpuscula
1252 2850 1426 2950 inaequalia
1446 2845 1638 2952 quiescentia
1662 2847 1841 2942 sollicitent,

379 3031 386 3042 ⁸
494 2944 628 3026 effecius
651 2950 768 3023 eodem
791 2953 999 3054 tempusculo
1011 2951 1162 3055 produdi
1180 2971 1276 3026 eruut
1293 2959 1456 3056 reciproce
1476 2961 1607 3031 inertiae
1626 2954 1843 3058 corpusculo·

491 3075 566 3126 tum
579 3049 848 3172 proportionales.
900 3075 923 3167 ’Δ
974 3163 976 3171 Ι
1598 3056 1599 3060 ’

495 3265 681 3324 ·,·-
818 3263 1581 3406 narro-usmarro

514 3511 518 3520 Ι
618 3427 854 3524 Concipiamus
877 3425 1106 3526 corpusculum
1127 3432 1174 3514 A,
1213 3425 1484 3530 quodquiescens
1505 3431 1573 3502 aai
1597 3459 1635 3500 .·=
1655 3454 1679 3525 p
1698 3428 1848 3528 tempus·¹

495 3525 572 3602 culo
593 3528 631 3600 dt
649 3527 852 3624 protraulatur
870 3555 927 3628 per
946 3527 1114 3628 spatiolum
1137 3533 1192 3610 Aa
1212 3561 1246 3597 =
1267 3535 1336 3609 dos:
1379 3531 1400 3604 fi
1423 3535 1485 3618 jam
1507 3531 1592 3603 aliud
1612 3531 1846 3630 corpusculum

456 3650 460 3656 '
496 3629 585 3703 Billi
605 3621 736 3728 aequale
760 3656 777 3700 a
801 3636 832 3702 ri
858 3627 988 3731 qno'que
1015 3627 1138 3730 aequali
1158 3655 1237 3724 :p
1264 3628 1439 3704 secundnm
1466 3631 1602 3705 eandem
1629 3632 1847 3707 directionem

495 3749 663 3828 urgeatur,
675 3734 719 3804 'ia
729 3729 776 3807 ab
786 3759 821 3806 ea
835 3732 952 3806 eodem
967 3731 1172 3830 tempusculo
1185 3735 1222 3803 dr
1237 3731 1439 3830 protrudetur
1453 3757 1509 3830 per
1519 3733 1649 3833 aequale
1668 3730 1848 3832 spatiolum

496 3834 594 3911 BC:
609 3835 669 3910 do.
719 3829 1017 3908 Coalescanruunc
1034 3837 1114 3906 haec
1130 3831 1198 3904 duo
1212 3836 1399 3932 corpuscula
1415 3842 1447 3906 in
1465 3859 1568 3906 unum
1583 3836 1672 3934 qnod
1686 3860 1797 3935 ergoa
1817 3841 1848 3906 vi

480 3961 537 4027 ‚e
558 3957 598 4025 ap
618 3935 822 4034 tempuseulo
843 3969 880 4006 .·=
903 3940 942 4008 dt
1023 3933 1165 4008 trudetur
1185 3959 1241 4034 per
1261 3929 1429 4033 spatiolmn
1449 3967 1490 4006 :-
1508 3939 1575 4027 ᾰως
1615 3943 1654 4007 ita
1671 3942 1764 4008 utris
1779 3933 1848 4006 du·

495 4034 608 4136 plicata
629 4061 669 4128 ap
690 4042 724 4108 in
744 4037 937 4136 corpusculo
983 4035 1122 4136 uplicato
1140 4041 1187 4108 ali
1207 4038 1348 4109 ctmdem
1373 4035 1528 4112 ellectum
1545 4037 1719 4138 producat,
1740 4062 1781 4108 ac
1798 4042 1850 4112 nis

495 4133 633 4236 liruplex
643 4143 712 4230 pin
723 4139 920 4236 corpusculo
937 4137 1069 4238 fimplici
1088 4149 1125 4212 Α.
1179 4145 1285 4236 litque
1298 4143 1373 4212 hinc
1390 4141 1601 4240 intelligetur,
1626 4137 1652 4211 li
1673 4166 1695 4211 a
1711 4166 1870 4239 corpus·-

495 4238 565 4312 cula
588 4237 645 4338 ipit
661 4247 687 4310 u
702 4231 843 4340 amualia
862 4236 1055 4317 coalescant,
1085 4259 1121 4310 ut
1139 4236 1359 4324 ludecanum,
1408 4241 1474 4312 uod
1496 4242 1541 4324 stt
1555 4273 1592 4312 =
1612 4249 1684 4324 ali,
1708 4238 1849 4328 resultet,

494 4343 625 4444 hocque
642 4335 906 4446 sollicitetucati
920 4366 1038 4440 zap,
1060 4337 1097 4414 id
1109 4343 1313 4444 tempusculo
1324 4373 1363 4436 :5
1376 4268 1415 4416 cll
1423 4340 1622 4448 propomam
1639 4348 1677 4416 iri
1696 4347 1849 4519 puppas

501 4499 511 4516 .
1239 4511 1241 4516 ,
1306 4484 1310 4500 =
1534 4471 1537 4475 ·
1723 4465 1772 4522 tto
1788 4471 1848 4521 um
