3810 5024
319 281 354 292 ”
440 296 523 384 204

173 1949 175 1958 y
267 1995 422 2078 Taum.

145 2109 148 2116 ’
267 2100 413 2226 Γίμᾎ

441 463 1803 542 mmo

481 857 550 940 oa
572 801 741 1001 Moru
765 631 1473 942 Oglffllssgaeffliglgpp
1496 763 1757 938 omnum

860 1157 1391 1310 aronunun4n

549 1393 634 1470 522.
660 1305 711 1452 Si
730 1396 847 1472 corpur
878 1374 904 1444 ri
928 1369 1018 1444 idum
1044 1365 1141 1445 suerit
1167 1369 1290 1445 mobile
1311 1376 1392 1444 cirea
1420 1343 1516 1441 utrem
1550 1369 1798 1448 horizontalem

444 1471 570 1560 fixum,
595 1477 725 1575 ejusque
740 1497 851 1547 motm
871 1399 967 1546 adela
981 1477 1132 1574 grauitate
1151 1471 1310 1556 turbetur,
1342 1467 1555 1545 detenninare
1576 1482 1801 1552 mutationem

445 1596 715 1652 momentaneam
731 1581 765 1650 iu
780 1595 883 1650 motu·
889 1579 1057 1677 gyratorio
1068 1572 1275 1676 produdiam.

923 1827 1314 1944 potorio

547 1989 773 2064 Communem
792 1967 845 2058 hic
868 1978 1242 2084 gravitatisflhypotheim
1267 1975 1412 2067 ass'umo,
1451 2007 1513 2158 pua
1533 1979 1653 2084 finguia
1672 1955 1801 2085 cdrpo.

447 2089 660 2166 titelementa
680 2083 789 2160 nniiis
809 2085 1089 2187 proportiomiiter
1105 2081 1258 2160 deorsum
1284 2103 1439 2186 urgentur
1471 2083 1630 2160 ecundunt
1643 2081 1803 2159 dircdiio·

436 2217 507 2282 ¹nea
525 2197 607 2264 inter
627 2184 660 2263 se
678 2187 853 2288 parallelas.
915 2185 1083 2277 Quatenus
1101 2206 1182 2284 ergo
1201 2210 1320 2285 corpur
1333 2183 1547 2290 eii—rigidum,
1574 2189 1624 2260 hia
1638 2189 1800 2268 omnibus

446 2295 566 2366 uiribus
584 2289 759 2392 aequivalet
777 2315 841 2360 una
860 2269 908 2361 vis
927 2285 1060 2388 ponderi
1080 2293 1225 2384 corporis
1239 2285 1397 2396 aequalis,
1440 2291 1527 2378 eujus
1545 2287 1680 2362 dirediio
1699 2287 1798 2361 deor.

322 2456 327 2465 ,
446 2389 521 2468 sum'
539 2387 672 2464 tendetis
693 2413 750 2488 per
773 2391 840 2480 ejua
862 2411 1010 2463 centrum
1030 2393 1161 2470 inertiae
1179 2385 1298 2468 transit.
1363 2391 1472 2485 Quare
1490 2387 1515 2460 ii
1533 2393 1676 2488 corporis
1695 2385 1794 2464 maiia

296 2525 300 2537 ¹
446 2495 569 2568 dicatur
588 2523 627 2563 ε
644 2493 704 2578 Μ,
736 2494 867 2590 eiusque
878 2509 1026 2564 centrum
1041 2491 1171 2571 inertiae
1189 2487 1234 2572 fit
1247 2496 1282 2562 iu
1303 2493 1334 2572 l,
1366 2489 1505 2590 indeque
1523 2486 1675 2564 deorsum
1694 2488 1793 2564 duca·

447 2613 499 2669 tut
517 2593 601 2669 retia
620 2591 779 2667 verticalis*
793 2595 857 2678 tu,
887 2591 931 2664 ob
945 2597 1132 2692 gravitatem
1146 2617 1186 2691 co
1227 2617 1264 2665 ur
1277 2587 1492 2665 sollicitabitur
1509 2597 1543 2663 in
1557 2587 1794 2668 ditediiotteiG

370 2745 381 2768 .
445 2701 537 2781 aui,
575 2720 659 2796 quae
677 2691 740 2794 ipsa
761 2687 944 2768 maffae'M
963 2693 1102 2793 aequalis
1120 2691 1165 2766 ess
1216 2689 1369 2778 amende,
1406 2689 1668 2796 quandoquidem
1691 2689 1793 2796 ipsam

445 2791 581 2871 maffam
602 2799 643 2870 M
666 2819 723 2895 per
744 2795 872 2894 pondus
892 2797 986 2884 hujus
1005 2799 1150 2894 corporis
1171 2798 1396 2890 exprimimus.
1446 2799 1549 2866 Porro
1564 2819 1638 2868 cunt
1652 2799 1716 2867 axis
1729 2821 1793 2898 gy·
1903 2793 1904 2862 ζ

414 2959 417 2966 ,
442 2903 577 2970 rationis
596 2895 633 2970 stt
650 2895 879 2979 horizontalis,
909 2897 949 2968 ad
969 2921 1046 2968 eum
1068 2891 1257 2980 normaliter
1275 2891 1484 2967 constituatur
1498 2893 1632 2993 planmn
1646 2921 1793 2996 percen·

442 3017 530 3090 tcum
550 3000 681 3071 inertiae
698 2989 715 3069 '1
734 2996 906 3080 transient,
937 2993 1026 3098 quod
1046 2999 1105 3068 erit
1128 2993 1293 3082 verticale,
1322 3013 1354 3097 et
1373 2989 1443 3094 ipso
1459 2995 1559 3094 plano
1572 2997 1695 3072 tabulae
1710 2995 1794 3072 rese·
1903 2979 1904 3012 ³

386 3113 390 3120 '
441 3121 546 3173 ratur:
575 3103 760 3200 axia'igitur
779 3103 957 3204 gyrationia
977 3095 1016 3173 ad
1033 3101 1101 3170 hoc
1117 3095 1252 3196 planum
1275 3095 1431 3169 normalis
1434 3123 1503 3270 per
1514 3101 1673 3198 prandium
1686 3103 1720 3174 Ο
1733 3122 1795 3174 tra·

441 3203 542 3296 jethra
566 3205 784 3298 concipiatur,
812 3199 899 3274 unde
918 3197 958 3272 ad
979 3201 994 3270 1
1013 3198 1107 3274 dndia
1129 3199 1214 3270 tedia
1227 3199 1274 3269 01
1291 3199 1418 3272 exhibet
1457 3197 1614 3285 issautiam
1626 3209 1727 3277 centri
1740 3209 1793 3274 in·

343 3297 349 3310 ’
442 3307 539 3390 ertiae
561 3305 573 3372 1
594 3301 634 3372 ab
659 3323 717 3373 arte
736 3305 925 3402 gyrationis.
997 3304 1062 3374 His
1095 3295 1271 3398 praentiffia
1296 3317 1402 3374 teneat
1425 3327 1514 3374 nuuc
1537 3327 1655 3403 corpur
1681 3305 1791 3378 nunt·

441 3403 539 3476 fitum
558 3405 592 3473 in
612 3397 714 3502 figura
734 3395 1024 3501 repraesentatum,
1059 3398 1216 3500 dut‘iaque
1237 3399 1375 3474 verticali
1398 3404 1479 3490 OC,
1514 3429 1553 3476 ex
1568 3403 1692 3505 angulo
1710 3409 1793 3479 COI
1902 3401 1903 3474 i

440 3503 519 3579 snut
536 3505 683 3600 corporis
700 3497 880 3577 innotescit.
928 3505 1071 3574 Ponatur
1084 3501 1287 3574 interuallum
1302 3503 1449 3599 01:12
1475 3523 1507 3578 et
1519 3505 1560 3578 ad
1575 3527 1705 3608 tempus
1719 3523 1790 3582 :t

440 3603 579 3706 angulus
597 3605 674 3676 COi
686 3635 727 3674 =
742 3618 795 3706 φ,
833 3607 890 3676 etit
910 3609 957 3676 uis
978 3605 1022 3676 tu
1040 3633 1080 3674 =
1099 3601 1143 3680 M
1162 3625 1374 3676 momentum
1392 3601 1536 3704 respedu
1554 3607 1630 3680 assis
1648 3615 1793 3710 gyratio.

442 3711 494 3798 nia
513 3741 549 3777 =
570 3707 612 3780 M
610 3709 644 3802 f
653 3703 756 3805 iintp,
786 3701 920 3778 tendens
938 3700 977 3774 ad
996 3701 1154 3803 anguium
1173 3707 1250 3780 CO!
1272 3703 1506 3792 minuendum,
1533 3733 1617 3810 quae
1636 3711 1791 3812 inprobi.

445 3832 504 3882 aa.
522 3803 600 3881 loco
616 3813 779 3880 momenti
800 3805 859 3900 Vs
873 3801 918 3880 ess
941 3800 1165 3879 substituenda.
1222 3809 1384 3880 Praeterea
1405 3833 1484 3878 veto
1503 3805 1683 3886 necess'eeii
1699 3811 1790 3890 nosse
1901 3807 1902 3814 ¹

442 3925 653 3982 momentum
676 3913 807 3982 inertiae
826 3913 971 4006 corporis
991 3901 1133 4006 respediu
1152 3911 1219 3981 axis
1239 3913 1417 4008 gyratiouis
1437 3913 1489 3992 0,
1525 3915 1568 3984 ibi
1585 3937 1651 4014 per
1660 3914 1790 4012 srrdM
1901 3917 1902 4004 Ξ

441 4005 636 4082 indicatum:
675 4011 762 4082 hunc
780 4015 813 4081 in
832 4007 934 4084 finem
955 4013 1157 4106 concipiatur
1173 4013 1239 4082 axis
1259 4033 1320 4110 pen
1335 4003 1440 4110 ipsum
1462 4033 1609 4088 centrum
1627 4017 1790 4094 inertiae!
1901 4021 1902 4059 ¹

407 4129 410 4139 ’
442 4103 597 4200 trintiettt
614 4113 858 4207 augurationis
879 4108 1064 4208 parallelus,
1099 4114 1190 4202 cujus
1209 4105 1352 4210 reipediu
1370 4109 1409 4183 stt
1427 4135 1638 4188 momentum
1656 4125 1789 4196 inertiae

440 4215 590 4308 eorporis
614 4241 653 4280 =
673 4213 768 4293 Mat,
797 4215 919 4312 eritque
936 4211 1080 4301 eiusdem
1101 4227 1309 4282 momentum
1330 4217 1461 4286 inertiae
1480 4212 1622 4316 respectu
1639 4225 1707 4293 axis
1727 4247 1789 4324 gy.
1900 4291 1901 4294 ,

436 4315 572 4405 maioma
590 4313 623 4388 0
639 4343 680 4386 .-.
696 4313 738 4389 M
749 4310 816 4417 (ff
825 4310 931 4413 -1-11)
952 4313 997 4388 ob
1023 4311 1225 4420 intervallum
1241 4315 1362 4389 horum
1376 4317 1486 4396 axium
1500 4321 1548 4394 01
1558 4348 1598 4392 =
1605 4321 1646 4418 J.
1695 4325 1788 4398 Hinc

1757 4423 1784 4506 fi
1900 4423 1901 4502 t
